Gmt time,Ask,Bid,AskVolume,BidVolume
14.04.2025 13:30:00.514,211.53400000000002,211.386,0.012,0.012
14.04.2025 13:30:00.566,211.68400000000003,211.486,0.012,0.012
14.04.2025 13:30:00.617,211.643,211.48700000000002,0.012,0.012
14.04.2025 13:30:00.667,211.683,211.48700000000002,0.012,0.012
14.04.2025 13:30:00.717,211.66400000000002,211.486,0.012,0.012
14.04.2025 13:30:00.867,211.68400000000003,211.486,0.012,0.012
14.04.2025 13:30:00.919,211.683,211.55700000000002,0.012,0.012
14.04.2025 13:30:01.121,211.683,211.577,0.012,0.012
14.04.2025 13:30:01.372,211.673,211.537,0.012,0.012
14.04.2025 13:30:01.422,211.613,211.567,0.012,0.012
14.04.2025 13:30:01.523,211.613,211.51700000000002,0.012,0.012
14.04.2025 13:30:01.874,211.61400000000003,211.49599999999998,0.012,0.012
14.04.2025 13:30:01.925,211.574,211.49599999999998,0.012,0.012
14.04.2025 13:30:01.975,211.543,211.45700000000002,0.012,0.012
14.04.2025 13:30:02.126,211.563,211.36700000000002,0.012,0.012
14.04.2025 13:30:02.226,211.514,211.36599999999999,0.012,0.012
14.04.2025 13:30:02.277,211.573,211.39700000000002,0.012,0.012
14.04.2025 13:30:02.377,211.574,211.36599999999999,0.012,0.012
14.04.2025 13:30:02.428,211.573,211.42700000000002,0.012,0.012
14.04.2025 13:30:02.529,211.603,211.48700000000002,0.012,0.012
14.04.2025 13:30:02.580,211.674,211.516,0.012,0.012
14.04.2025 13:30:02.630,211.613,211.45700000000002,0.012,0.012
14.04.2025 13:30:02.681,211.673,211.437,0.012,0.012
14.04.2025 13:30:02.781,211.674,211.426,0.012,0.012
14.04.2025 13:30:02.831,211.653,211.42700000000002,0.012,0.012
14.04.2025 13:30:02.882,211.653,211.417,0.012,0.012
14.04.2025 13:30:02.932,211.573,211.417,0.012,0.012
14.04.2025 13:30:03.034,211.573,211.42700000000002,0.012,0.012
14.04.2025 13:30:03.184,211.573,211.45700000000002,0.012,0.012
14.04.2025 13:30:03.234,211.56400000000002,211.426,0.012,0.012
14.04.2025 13:30:03.336,211.533,211.417,0.012,0.012
14.04.2025 13:30:03.436,211.61400000000003,211.476,0.012,0.012
14.04.2025 13:30:03.538,211.644,211.546,0.012,0.012
14.04.2025 13:30:03.617,211.673,211.54700000000003,0.012,0.012
14.04.2025 13:30:03.669,211.674,211.536,0.012,0.012
14.04.2025 13:30:03.825,211.533,211.477,0.012,0.012
14.04.2025 13:30:03.876,211.583,211.477,0.012,0.012
14.04.2025 13:30:03.979,211.63400000000001,211.506,0.012,0.012
14.04.2025 13:30:04.079,211.63400000000001,211.49599999999998,0.012,0.012
14.04.2025 13:30:04.281,211.59400000000002,211.49599999999998,0.012,0.012
14.04.2025 13:30:04.382,211.593,211.537,0.012,0.012
14.04.2025 13:30:04.433,211.644,211.506,0.012,0.012
14.04.2025 13:30:04.587,211.633,211.51700000000002,0.012,0.012
14.04.2025 13:30:04.688,211.593,211.51700000000002,0.012,0.012
14.04.2025 13:30:04.838,211.593,211.45700000000002,0.012,0.012
14.04.2025 13:30:04.939,211.69299999999998,211.55700000000002,0.012,0.012
14.04.2025 13:30:05.089,211.673,211.54700000000003,0.012,0.012
14.04.2025 13:30:05.191,211.65400000000002,211.52599999999998,0.012,0.012
14.04.2025 13:30:05.292,211.68400000000003,211.596,0.012,0.012
14.04.2025 13:30:05.393,211.653,211.597,0.012,0.012
14.04.2025 13:30:05.444,211.653,211.507,0.012,0.012
14.04.2025 13:30:05.495,211.593,211.507,0.012,0.012
14.04.2025 13:30:05.545,211.753,211.61700000000002,0.012,0.012
14.04.2025 13:30:05.596,211.80400000000003,211.65599999999998,0.012,0.012
14.04.2025 13:30:05.746,211.683,211.507,0.012,0.012
14.04.2025 13:30:05.797,211.673,211.507,0.012,0.012
14.04.2025 13:30:05.998,211.56400000000002,211.446,0.012,0.012
14.04.2025 13:30:06.049,211.49400000000003,211.36599999999999,0.012,0.012
14.04.2025 13:30:06.250,211.53400000000002,211.396,0.012,0.012
14.04.2025 13:30:06.401,211.484,211.396,0.012,0.012
14.04.2025 13:30:06.502,211.544,211.396,0.012,0.012
14.04.2025 13:30:06.652,211.49400000000003,211.346,0.012,0.012
14.04.2025 13:30:06.753,211.46400000000003,211.356,0.012,0.012
14.04.2025 13:30:06.853,211.46400000000003,211.33599999999998,0.012,0.012
14.04.2025 13:30:06.904,211.46400000000003,211.346,0.012,0.012
14.04.2025 13:30:07.054,211.43400000000003,211.30599999999998,0.012,0.012
14.04.2025 13:30:07.106,211.433,211.327,0.012,0.012
14.04.2025 13:30:07.307,211.413,211.327,0.012,0.012
14.04.2025 13:30:07.358,211.41400000000002,211.30599999999998,0.012,0.012
14.04.2025 13:30:07.458,211.493,211.327,0.012,0.012
14.04.2025 13:30:07.642,211.41400000000002,211.296,0.012,0.012
14.04.2025 13:30:07.849,211.47299999999998,211.30700000000002,0.012,0.012
14.04.2025 13:30:08.049,211.393,211.287,0.012,0.012
14.04.2025 13:30:08.201,211.38400000000001,211.286,0.012,0.012
14.04.2025 13:30:08.251,211.383,211.257,0.012,0.012
14.04.2025 13:30:08.303,211.43400000000003,211.286,0.012,0.012
14.04.2025 13:30:08.403,211.47400000000002,211.266,0.012,0.012
14.04.2025 13:30:08.504,211.47400000000002,211.286,0.012,0.012
14.04.2025 13:30:08.657,211.47299999999998,211.317,0.012,0.012
14.04.2025 13:30:08.858,211.40400000000002,211.266,0.012,0.012
14.04.2025 13:30:09.109,211.433,211.26700000000002,0.012,0.012
14.04.2025 13:30:09.159,211.40400000000002,211.27599999999998,0.012,0.012
14.04.2025 13:30:09.310,211.52400000000003,211.36599999999999,0.012,0.012
14.04.2025 13:30:09.360,211.544,211.396,0.012,0.012
14.04.2025 13:30:09.410,211.653,211.45700000000002,0.012,0.012
14.04.2025 13:30:09.461,211.674,211.486,0.012,0.012
14.04.2025 13:30:09.562,211.78400000000002,211.55599999999998,0.012,0.012
14.04.2025 13:30:09.612,211.773,211.597,0.012,0.012
14.04.2025 13:30:09.813,211.77400000000003,211.646,0.012,0.012
14.04.2025 13:30:09.863,211.783,211.64700000000002,0.012,0.012
14.04.2025 13:30:09.963,211.743,211.64700000000002,0.012,0.012
14.04.2025 13:30:10.014,211.75400000000002,211.646,0.012,0.012
14.04.2025 13:30:10.114,211.793,211.717,0.012,0.012
14.04.2025 13:30:10.214,211.794,211.696,0.012,0.012
14.04.2025 13:30:10.265,211.734,211.606,0.012,0.012
14.04.2025 13:30:10.315,211.593,211.437,0.012,0.012
14.04.2025 13:30:10.365,211.604,211.46599999999998,0.012,0.012
14.04.2025 13:30:10.416,211.56400000000002,211.37599999999998,0.012,0.012
14.04.2025 13:30:10.516,211.58400000000003,211.426,0.012,0.012
14.04.2025 13:30:10.566,211.643,211.477,0.012,0.012
14.04.2025 13:30:10.617,211.794,211.61599999999999,0.012,0.012
14.04.2025 13:30:10.719,211.773,211.58700000000002,0.012,0.012
14.04.2025 13:30:10.819,211.794,211.606,0.012,0.012
14.04.2025 13:30:11.021,211.74400000000003,211.58599999999998,0.012,0.012
14.04.2025 13:30:11.121,211.793,211.597,0.012,0.012
14.04.2025 13:30:11.322,211.72400000000002,211.606,0.012,0.012
14.04.2025 13:30:11.472,211.763,211.607,0.012,0.012
14.04.2025 13:30:11.871,211.873,211.667,0.012,0.012
14.04.2025 13:30:11.971,211.873,211.727,0.012,0.012
14.04.2025 13:30:12.072,211.873,211.73700000000002,0.012,0.012
14.04.2025 13:30:12.122,211.843,211.667,0.012,0.012
14.04.2025 13:30:12.222,211.794,211.666,0.012,0.012
14.04.2025 13:30:12.373,211.843,211.697,0.012,0.012
14.04.2025 13:30:12.423,211.733,211.61700000000002,0.012,0.012
14.04.2025 13:30:12.573,211.80400000000003,211.65599999999998,0.012,0.012
14.04.2025 13:30:12.674,211.80400000000003,211.696,0.012,0.012
14.04.2025 13:30:12.774,211.823,211.697,0.012,0.012
14.04.2025 13:30:12.874,211.75400000000002,211.65599999999998,0.012,0.012
14.04.2025 13:30:12.925,211.783,211.657,0.012,0.012
14.04.2025 13:30:12.975,211.78400000000002,211.676,0.012,0.012
14.04.2025 13:30:13.025,211.81400000000002,211.676,0.012,0.012
14.04.2025 13:30:13.326,211.72299999999998,211.54700000000003,0.012,0.012
14.04.2025 13:30:13.476,211.72299999999998,211.577,0.012,0.012
14.04.2025 13:30:14.028,211.75400000000002,211.58599999999998,0.012,0.012
14.04.2025 13:30:14.079,211.753,211.597,0.012,0.012
14.04.2025 13:30:14.179,211.68400000000003,211.516,0.012,0.012
14.04.2025 13:30:14.229,211.674,211.516,0.012,0.012
14.04.2025 13:30:14.280,211.593,211.417,0.012,0.012
14.04.2025 13:30:14.330,211.58400000000003,211.40599999999998,0.012,0.012
14.04.2025 13:30:14.431,211.604,211.46599999999998,0.012,0.012
14.04.2025 13:30:14.481,211.783,211.67700000000002,0.012,0.012
14.04.2025 13:30:14.531,211.894,211.756,0.012,0.012
14.04.2025 13:30:14.582,211.83400000000003,211.71599999999998,0.012,0.012
14.04.2025 13:30:14.632,211.893,211.717,0.012,0.012
14.04.2025 13:30:14.782,212.003,211.857,0.012,0.012
14.04.2025 13:30:14.933,211.993,211.877,0.012,0.012
14.04.2025 13:30:15.034,212.00400000000002,211.93599999999998,0.012,0.012
14.04.2025 13:30:15.084,212.044,211.93599999999998,0.012,0.012
14.04.2025 13:30:15.234,212.043,211.89700000000002,0.012,0.012
14.04.2025 13:30:15.285,212.053,211.89700000000002,0.012,0.012
14.04.2025 13:30:15.386,211.984,211.896,0.012,0.012
14.04.2025 13:30:15.436,211.99400000000003,211.83599999999998,0.012,0.012
14.04.2025 13:30:15.487,212.013,211.83700000000002,0.012,0.012
14.04.2025 13:30:15.538,212.013,211.89700000000002,0.012,0.012
14.04.2025 13:30:15.638,212.03400000000002,211.83599999999998,0.012,0.012
14.04.2025 13:30:15.789,212.03400000000002,211.846,0.012,0.012
14.04.2025 13:30:15.969,211.97299999999998,211.827,0.012,0.012
14.04.2025 13:30:16.171,211.97400000000002,211.846,0.012,0.012
14.04.2025 13:30:16.272,212.033,211.917,0.012,0.012
14.04.2025 13:30:16.326,212.033,211.89700000000002,0.012,0.012
14.04.2025 13:30:16.478,212.03400000000002,211.846,0.012,0.012
14.04.2025 13:30:16.528,211.894,211.786,0.012,0.012
14.04.2025 13:30:16.629,211.91400000000002,211.706,0.012,0.012
14.04.2025 13:30:16.829,211.77400000000003,211.646,0.012,0.012
14.04.2025 13:30:16.879,211.683,211.51700000000002,0.012,0.012
14.04.2025 13:30:16.930,211.593,211.417,0.012,0.012
14.04.2025 13:30:16.981,211.623,211.417,0.012,0.012
14.04.2025 13:30:17.031,211.62400000000002,211.476,0.012,0.012
14.04.2025 13:30:17.131,211.62400000000002,211.416,0.012,0.012
14.04.2025 13:30:17.232,211.58400000000003,211.416,0.012,0.012
14.04.2025 13:30:17.533,211.553,211.417,0.012,0.012
14.04.2025 13:30:17.583,211.523,211.347,0.012,0.012
14.04.2025 13:30:17.784,211.33400000000003,211.226,0.012,0.012
14.04.2025 13:30:17.834,211.22400000000002,211.136,0.012,0.012
14.04.2025 13:30:17.885,211.203,211.097,0.012,0.012
14.04.2025 13:30:18.035,211.24400000000003,211.096,0.012,0.012
14.04.2025 13:30:18.086,211.204,211.096,0.012,0.012
14.04.2025 13:30:18.186,211.264,211.106,0.012,0.012
14.04.2025 13:30:18.286,211.333,211.17700000000002,0.012,0.012
14.04.2025 13:30:18.337,211.383,211.17700000000002,0.012,0.012
14.04.2025 13:30:18.387,211.333,211.17700000000002,0.012,0.012
14.04.2025 13:30:18.538,211.433,211.26700000000002,0.012,0.012
14.04.2025 13:30:18.638,211.37400000000002,211.236,0.012,0.012
14.04.2025 13:30:19.189,211.363,211.23700000000002,0.012,0.012
14.04.2025 13:30:19.240,211.37400000000002,211.236,0.012,0.012
14.04.2025 13:30:19.340,211.40400000000002,211.236,0.012,0.012
14.04.2025 13:30:19.541,211.403,211.26700000000002,0.012,0.012
14.04.2025 13:30:19.841,211.213,211.097,0.012,0.012
14.04.2025 13:30:19.892,211.243,211.097,0.012,0.012
14.04.2025 13:30:19.992,211.27400000000003,211.096,0.012,0.012
14.04.2025 13:30:20.143,211.33400000000003,211.096,0.012,0.012
14.04.2025 13:30:20.528,211.293,211.097,0.012,0.012
14.04.2025 13:30:20.931,211.30400000000003,211.136,0.012,0.012
14.04.2025 13:30:21.033,211.293,211.137,0.012,0.012
14.04.2025 13:30:21.186,211.33400000000003,211.206,0.012,0.012
14.04.2025 13:30:21.286,211.47299999999998,211.30700000000002,0.012,0.012
14.04.2025 13:30:21.538,211.424,211.30599999999998,0.012,0.012
14.04.2025 13:30:21.588,211.424,211.266,0.012,0.012
14.04.2025 13:30:21.939,211.47299999999998,211.327,0.012,0.012
14.04.2025 13:30:22.089,211.47400000000002,211.396,0.012,0.012
14.04.2025 13:30:22.190,211.493,211.407,0.012,0.012
14.04.2025 13:30:22.240,211.493,211.42700000000002,0.012,0.012
14.04.2025 13:30:22.792,211.573,211.447,0.012,0.012
14.04.2025 13:30:22.842,211.523,211.42700000000002,0.012,0.012
14.04.2025 13:30:22.892,211.52400000000003,211.40599999999998,0.012,0.012
14.04.2025 13:30:23.194,211.44299999999998,211.36700000000002,0.012,0.012
14.04.2025 13:30:23.495,211.44299999999998,211.377,0.012,0.012
14.04.2025 13:30:23.645,211.44400000000002,211.36599999999999,0.012,0.012
14.04.2025 13:30:23.996,211.493,211.39700000000002,0.012,0.012
14.04.2025 13:30:24.146,211.413,211.347,0.012,0.012
14.04.2025 13:30:24.197,211.493,211.377,0.012,0.012
14.04.2025 13:30:24.397,211.544,211.386,0.012,0.012
14.04.2025 13:30:24.498,211.553,211.387,0.012,0.012
14.04.2025 13:30:24.548,211.603,211.48700000000002,0.012,0.012
14.04.2025 13:30:24.598,211.77400000000003,211.576,0.012,0.012
14.04.2025 13:30:24.649,211.773,211.61700000000002,0.012,0.012
14.04.2025 13:30:24.849,211.673,211.61700000000002,0.012,0.012
14.04.2025 13:30:24.950,211.734,211.646,0.012,0.012
14.04.2025 13:30:25.001,211.773,211.657,0.012,0.012
14.04.2025 13:30:25.052,211.72400000000002,211.61599999999999,0.012,0.012
14.04.2025 13:30:25.548,211.72299999999998,211.627,0.012,0.012
14.04.2025 13:30:26.001,211.69400000000002,211.576,0.012,0.012
14.04.2025 13:30:26.101,211.72299999999998,211.607,0.012,0.012
14.04.2025 13:30:26.152,211.663,211.52700000000002,0.012,0.012
14.04.2025 13:30:26.202,211.663,211.577,0.012,0.012
14.04.2025 13:30:26.353,211.663,211.637,0.012,0.012
14.04.2025 13:30:26.403,211.72299999999998,211.54700000000003,0.012,0.012
14.04.2025 13:30:26.453,211.674,211.546,0.012,0.012
14.04.2025 13:30:26.604,211.674,211.62599999999998,0.012,0.012
14.04.2025 13:30:26.805,211.673,211.54700000000003,0.012,0.012
14.04.2025 13:30:26.906,211.674,211.606,0.012,0.012
14.04.2025 13:30:26.956,211.674,211.576,0.012,0.012
14.04.2025 13:30:27.056,211.72299999999998,211.637,0.012,0.012
14.04.2025 13:30:27.157,211.72299999999998,211.577,0.012,0.012
14.04.2025 13:30:27.257,211.674,211.576,0.012,0.012
14.04.2025 13:30:27.407,211.644,211.576,0.012,0.012
14.04.2025 13:30:27.458,211.623,211.51700000000002,0.012,0.012
14.04.2025 13:30:27.558,211.62400000000002,211.49599999999998,0.012,0.012
14.04.2025 13:30:27.609,211.59400000000002,211.49599999999998,0.012,0.012
14.04.2025 13:30:27.659,211.544,211.396,0.012,0.012
14.04.2025 13:30:27.759,211.453,211.30700000000002,0.012,0.012
14.04.2025 13:30:27.960,211.424,211.30599999999998,0.012,0.012
14.04.2025 13:30:28.511,211.37400000000002,211.24599999999998,0.012,0.012
14.04.2025 13:30:28.611,211.323,211.11700000000002,0.012,0.012
14.04.2025 13:30:28.712,211.324,211.146,0.012,0.012
14.04.2025 13:30:28.963,211.36400000000003,211.206,0.012,0.012
14.04.2025 13:30:29.013,211.413,211.20700000000002,0.012,0.012
14.04.2025 13:30:29.464,211.34400000000002,211.206,0.012,0.012
14.04.2025 13:30:29.564,211.40400000000002,211.24599999999998,0.012,0.012
14.04.2025 13:30:29.615,211.343,211.227,0.012,0.012
14.04.2025 13:30:29.715,211.40400000000002,211.226,0.012,0.012
14.04.2025 13:30:30.066,211.403,211.287,0.012,0.012
14.04.2025 13:30:30.167,211.50400000000002,211.386,0.012,0.012
14.04.2025 13:30:30.268,211.484,211.386,0.012,0.012
14.04.2025 13:30:30.418,211.483,211.317,0.012,0.012
14.04.2025 13:30:30.469,211.503,211.357,0.012,0.012
14.04.2025 13:30:30.619,211.354,211.33599999999998,0.012,0.012
14.04.2025 13:30:30.669,211.44400000000002,211.236,0.012,0.012
14.04.2025 13:30:30.870,211.44299999999998,211.20700000000002,0.012,0.012
14.04.2025 13:30:30.920,211.40400000000002,211.206,0.012,0.012
14.04.2025 13:30:30.970,211.424,211.206,0.012,0.012
14.04.2025 13:30:31.057,211.423,211.29700000000003,0.012,0.012
14.04.2025 13:30:31.161,211.43400000000003,211.30599999999998,0.012,0.012
14.04.2025 13:30:31.361,211.43400000000003,211.316,0.012,0.012
14.04.2025 13:30:31.411,211.423,211.29700000000003,0.012,0.012
14.04.2025 13:30:31.512,211.423,211.287,0.012,0.012
14.04.2025 13:30:31.612,211.383,211.257,0.012,0.012
14.04.2025 13:30:31.964,211.343,211.227,0.012,0.012
14.04.2025 13:30:32.215,211.36400000000003,211.226,0.012,0.012
14.04.2025 13:30:32.265,211.30400000000003,211.226,0.012,0.012
14.04.2025 13:30:32.316,211.303,211.20700000000002,0.012,0.012
14.04.2025 13:30:32.416,211.373,211.197,0.012,0.012
14.04.2025 13:30:32.617,211.264,211.196,0.012,0.012
14.04.2025 13:30:32.817,211.253,211.197,0.012,0.012
14.04.2025 13:30:32.868,211.263,211.197,0.012,0.012
14.04.2025 13:30:33.020,211.393,211.23700000000002,0.012,0.012
14.04.2025 13:30:33.120,211.424,211.286,0.012,0.012
14.04.2025 13:30:33.474,211.493,211.327,0.012,0.012
14.04.2025 13:30:33.574,211.583,211.417,0.012,0.012
14.04.2025 13:30:33.875,211.56400000000002,211.456,0.012,0.012
14.04.2025 13:30:33.975,211.72299999999998,211.61700000000002,0.012,0.012
14.04.2025 13:30:34.076,211.72299999999998,211.567,0.012,0.012
14.04.2025 13:30:34.727,211.674,211.536,0.012,0.012
14.04.2025 13:30:34.928,211.644,211.536,0.012,0.012
14.04.2025 13:30:35.079,211.643,211.52700000000002,0.012,0.012
14.04.2025 13:30:35.230,211.573,211.477,0.012,0.012
14.04.2025 13:30:35.430,211.533,211.45700000000002,0.012,0.012
14.04.2025 13:30:35.530,211.493,211.327,0.012,0.012
14.04.2025 13:30:35.631,211.483,211.327,0.012,0.012
14.04.2025 13:30:35.736,211.484,211.37599999999998,0.012,0.012
14.04.2025 13:30:35.786,211.544,211.396,0.012,0.012
14.04.2025 13:30:35.886,211.573,211.39700000000002,0.012,0.012
14.04.2025 13:30:36.037,211.574,211.446,0.012,0.012
14.04.2025 13:30:36.138,211.46400000000003,211.326,0.012,0.012
14.04.2025 13:30:37.681,211.43400000000003,211.326,0.012,0.012
14.04.2025 13:30:37.782,211.423,211.327,0.012,0.012
14.04.2025 13:30:37.882,211.424,211.316,0.012,0.012
14.04.2025 13:30:37.933,211.424,211.296,0.012,0.012
14.04.2025 13:30:38.133,211.36400000000003,211.296,0.012,0.012
14.04.2025 13:30:38.183,211.383,211.29700000000003,0.012,0.012
14.04.2025 13:30:38.684,211.40400000000002,211.27599999999998,0.012,0.012
14.04.2025 13:30:38.785,211.383,211.26700000000002,0.012,0.012
14.04.2025 13:30:38.935,211.333,211.217,0.012,0.012
14.04.2025 13:30:39.135,211.33400000000003,211.196,0.012,0.012
14.04.2025 13:30:39.237,211.22400000000002,211.136,0.012,0.012
14.04.2025 13:30:39.287,211.19400000000002,211.096,0.012,0.012
14.04.2025 13:30:39.388,211.28400000000002,211.166,0.012,0.012
14.04.2025 13:30:39.588,211.313,211.167,0.012,0.012
14.04.2025 13:30:39.638,211.313,211.197,0.012,0.012
14.04.2025 13:30:39.689,211.31400000000002,211.166,0.012,0.012
14.04.2025 13:30:39.940,211.31400000000002,211.146,0.012,0.012
14.04.2025 13:30:39.990,211.313,211.157,0.012,0.012
14.04.2025 13:30:40.040,211.31400000000002,211.146,0.012,0.012
14.04.2025 13:30:40.341,211.313,211.11700000000002,0.012,0.012
14.04.2025 13:30:40.391,211.394,211.256,0.012,0.012
14.04.2025 13:30:40.586,211.41400000000002,211.256,0.012,0.012
14.04.2025 13:30:40.893,211.424,211.316,0.012,0.012
14.04.2025 13:30:41.044,211.503,211.36700000000002,0.012,0.012
14.04.2025 13:30:41.446,211.47299999999998,211.33700000000002,0.012,0.012
14.04.2025 13:30:41.597,211.44299999999998,211.29700000000003,0.012,0.012
14.04.2025 13:30:41.697,211.44299999999998,211.327,0.012,0.012
14.04.2025 13:30:41.748,211.47400000000002,211.326,0.012,0.012
14.04.2025 13:30:41.898,211.493,211.327,0.012,0.012
14.04.2025 13:30:42.098,211.493,211.357,0.012,0.012
14.04.2025 13:30:42.399,211.49400000000003,211.326,0.012,0.012
14.04.2025 13:30:42.449,211.49400000000003,211.356,0.012,0.012
14.04.2025 13:30:42.750,211.523,211.36700000000002,0.012,0.012
14.04.2025 13:30:43.051,211.523,211.417,0.012,0.012
14.04.2025 13:30:43.102,211.603,211.467,0.012,0.012
14.04.2025 13:30:43.202,211.643,211.467,0.012,0.012
14.04.2025 13:30:43.352,211.713,211.52700000000002,0.012,0.012
14.04.2025 13:30:43.704,211.71400000000003,211.566,0.012,0.012
14.04.2025 13:30:43.854,211.674,211.52599999999998,0.012,0.012
14.04.2025 13:30:44.005,211.65400000000002,211.506,0.012,0.012
14.04.2025 13:30:44.106,211.674,211.52599999999998,0.012,0.012
14.04.2025 13:30:44.206,211.713,211.55700000000002,0.012,0.012
14.04.2025 13:30:44.357,211.72299999999998,211.58700000000002,0.012,0.012
14.04.2025 13:30:44.558,211.803,211.657,0.012,0.012
14.04.2025 13:30:44.860,211.80400000000003,211.636,0.012,0.012
14.04.2025 13:30:45.236,211.773,211.637,0.012,0.012
14.04.2025 13:30:45.388,211.674,211.546,0.012,0.012
14.04.2025 13:30:45.639,211.704,211.566,0.012,0.012
14.04.2025 13:30:45.689,211.69299999999998,211.567,0.012,0.012
14.04.2025 13:30:45.840,211.69299999999998,211.58700000000002,0.012,0.012
14.04.2025 13:30:46.094,211.773,211.637,0.012,0.012
14.04.2025 13:30:46.144,211.78400000000002,211.65599999999998,0.012,0.012
14.04.2025 13:30:46.195,211.793,211.657,0.012,0.012
14.04.2025 13:30:46.245,211.794,211.666,0.012,0.012
14.04.2025 13:30:46.598,211.794,211.65599999999998,0.012,0.012
14.04.2025 13:30:46.649,211.734,211.636,0.012,0.012
14.04.2025 13:30:46.699,211.78400000000002,211.61599999999999,0.012,0.012
14.04.2025 13:30:46.749,211.794,211.666,0.012,0.012
14.04.2025 13:30:46.949,211.773,211.61700000000002,0.012,0.012
14.04.2025 13:30:47.600,211.773,211.67700000000002,0.012,0.012
14.04.2025 13:30:47.851,211.743,211.67700000000002,0.012,0.012
14.04.2025 13:30:47.901,211.77400000000003,211.646,0.012,0.012
14.04.2025 13:30:48.052,211.783,211.64700000000002,0.012,0.012
14.04.2025 13:30:48.454,211.72400000000002,211.646,0.012,0.012
14.04.2025 13:30:48.557,211.793,211.667,0.012,0.012
14.04.2025 13:30:48.858,211.794,211.65599999999998,0.012,0.012
14.04.2025 13:30:48.908,211.74400000000003,211.646,0.012,0.012
14.04.2025 13:30:49.009,211.68400000000003,211.58599999999998,0.012,0.012
14.04.2025 13:30:49.110,211.703,211.58700000000002,0.012,0.012
14.04.2025 13:30:49.261,211.733,211.607,0.012,0.012
14.04.2025 13:30:49.361,211.733,211.597,0.012,0.012
14.04.2025 13:30:49.461,211.653,211.507,0.012,0.012
14.04.2025 13:30:49.546,211.65400000000002,211.516,0.012,0.012
14.04.2025 13:30:49.702,211.563,211.507,0.012,0.012
14.04.2025 13:30:49.753,211.61400000000003,211.49599999999998,0.012,0.012
14.04.2025 13:30:49.857,211.653,211.497,0.012,0.012
14.04.2025 13:30:50.261,211.653,211.507,0.012,0.012
14.04.2025 13:30:50.665,211.764,211.58599999999998,0.012,0.012
14.04.2025 13:30:50.816,211.764,211.61599999999999,0.012,0.012
14.04.2025 13:30:51.016,211.72400000000002,211.506,0.012,0.012
14.04.2025 13:30:51.266,211.673,211.507,0.012,0.012
14.04.2025 13:30:51.868,211.683,211.507,0.012,0.012
14.04.2025 13:30:51.918,211.683,211.52700000000002,0.012,0.012
14.04.2025 13:30:51.969,211.68400000000003,211.506,0.012,0.012
14.04.2025 13:30:52.319,211.72299999999998,211.61700000000002,0.012,0.012
14.04.2025 13:30:52.470,211.72299999999998,211.597,0.012,0.012
14.04.2025 13:30:52.721,211.72400000000002,211.55599999999998,0.012,0.012
14.04.2025 13:30:52.871,211.803,211.657,0.012,0.012
14.04.2025 13:30:52.922,211.823,211.657,0.012,0.012
14.04.2025 13:30:53.573,211.793,211.64700000000002,0.012,0.012
14.04.2025 13:30:53.924,211.793,211.67700000000002,0.012,0.012
14.04.2025 13:30:54.106,211.763,211.61700000000002,0.012,0.012
14.04.2025 13:30:54.159,211.764,211.596,0.012,0.012
14.04.2025 13:30:54.215,211.763,211.61700000000002,0.012,0.012
14.04.2025 13:30:54.516,211.763,211.597,0.012,0.012
14.04.2025 13:30:54.718,211.81400000000002,211.636,0.012,0.012
14.04.2025 13:30:54.768,211.84400000000002,211.706,0.012,0.012
14.04.2025 13:30:54.918,211.824,211.696,0.012,0.012
14.04.2025 13:30:55.019,211.77400000000003,211.696,0.012,0.012
14.04.2025 13:30:55.119,211.824,211.696,0.012,0.012
14.04.2025 13:30:55.220,211.813,211.697,0.012,0.012
14.04.2025 13:30:55.672,211.813,211.73700000000002,0.012,0.012
14.04.2025 13:30:55.723,211.823,211.73700000000002,0.012,0.012
14.04.2025 13:30:55.974,211.843,211.73700000000002,0.012,0.012
14.04.2025 13:30:56.478,211.84400000000002,211.756,0.012,0.012
14.04.2025 13:30:56.930,211.843,211.787,0.012,0.012
14.04.2025 13:30:57.080,211.90400000000002,211.756,0.012,0.012
14.04.2025 13:30:57.581,211.87400000000002,211.756,0.012,0.012
14.04.2025 13:30:57.882,211.854,211.756,0.012,0.012
14.04.2025 13:30:57.983,211.90400000000002,211.786,0.012,0.012
14.04.2025 13:30:58.233,211.903,211.76700000000002,0.012,0.012
14.04.2025 13:30:58.334,211.83400000000003,211.756,0.012,0.012
14.04.2025 13:30:58.485,211.863,211.757,0.012,0.012
14.04.2025 13:30:59.429,211.86400000000003,211.766,0.012,0.012
14.04.2025 13:30:59.480,211.924,211.77599999999998,0.012,0.012
14.04.2025 13:30:59.831,211.984,211.916,0.012,0.012
14.04.2025 13:30:59.981,211.99400000000003,211.916,0.012,0.012
14.04.2025 13:31:00.182,212.003,211.92700000000002,0.012,0.012
14.04.2025 13:31:00.383,212.174,212.08599999999998,0.012,0.012
14.04.2025 13:31:00.433,212.22299999999998,212.137,0.012,0.012
14.04.2025 13:31:00.484,212.353,212.23700000000002,0.012,0.012
14.04.2025 13:31:00.634,212.333,212.217,0.012,0.012
14.04.2025 13:31:00.785,212.294,212.166,0.012,0.012
14.04.2025 13:31:00.936,212.33400000000003,212.166,0.012,0.012
14.04.2025 13:31:00.986,212.323,212.167,0.012,0.012
14.04.2025 13:31:01.036,212.323,212.11700000000002,0.012,0.012
14.04.2025 13:31:01.087,212.38400000000001,212.256,0.012,0.012
14.04.2025 13:31:01.237,212.37400000000002,212.206,0.012,0.012
14.04.2025 13:31:01.288,212.34400000000002,212.206,0.012,0.012
14.04.2025 13:31:01.438,212.43400000000003,212.286,0.012,0.012
14.04.2025 13:31:01.489,212.43400000000003,212.296,0.012,0.012
14.04.2025 13:31:01.639,212.363,212.317,0.012,0.012
14.04.2025 13:31:01.690,212.323,212.20700000000002,0.012,0.012
14.04.2025 13:31:01.790,212.41400000000002,212.326,0.012,0.012
14.04.2025 13:31:01.841,212.433,212.317,0.012,0.012
14.04.2025 13:31:01.941,212.463,212.33700000000002,0.012,0.012
14.04.2025 13:31:01.992,212.503,212.39700000000002,0.012,0.012
14.04.2025 13:31:02.092,212.593,212.42700000000002,0.012,0.012
14.04.2025 13:31:02.143,212.69299999999998,212.577,0.012,0.012
14.04.2025 13:31:02.194,212.703,212.577,0.012,0.012
14.04.2025 13:31:02.344,212.704,212.516,0.012,0.012
14.04.2025 13:31:02.394,212.75400000000002,212.596,0.012,0.012
14.04.2025 13:31:02.745,212.753,212.667,0.012,0.012
14.04.2025 13:31:02.889,212.77400000000003,212.676,0.012,0.012
14.04.2025 13:31:02.989,212.68400000000003,212.566,0.012,0.012
14.04.2025 13:31:03.089,212.733,212.567,0.012,0.012
14.04.2025 13:31:03.240,212.733,212.58700000000002,0.012,0.012
14.04.2025 13:31:03.391,212.80400000000003,212.65599999999998,0.012,0.012
14.04.2025 13:31:03.491,212.803,212.64700000000002,0.012,0.012
14.04.2025 13:31:03.592,212.763,212.637,0.012,0.012
14.04.2025 13:31:03.693,212.734,212.546,0.012,0.012
14.04.2025 13:31:03.743,212.763,212.577,0.012,0.012
14.04.2025 13:31:03.893,212.763,212.637,0.012,0.012
14.04.2025 13:31:03.944,212.803,212.64700000000002,0.012,0.012
14.04.2025 13:31:03.994,212.80400000000003,212.65599999999998,0.012,0.012
14.04.2025 13:31:04.195,212.823,212.697,0.012,0.012
14.04.2025 13:31:04.345,212.764,212.65599999999998,0.012,0.012
14.04.2025 13:31:04.396,212.81400000000002,212.65599999999998,0.012,0.012
14.04.2025 13:31:04.596,212.88400000000001,212.766,0.012,0.012
14.04.2025 13:31:04.646,212.883,212.757,0.012,0.012
14.04.2025 13:31:04.696,212.55400000000003,212.426,0.012,0.012
14.04.2025 13:31:04.797,212.544,212.46599999999998,0.012,0.012
14.04.2025 13:31:04.847,212.544,212.43599999999998,0.012,0.012
14.04.2025 13:31:04.998,212.543,212.42700000000002,0.012,0.012
14.04.2025 13:31:05.048,212.543,212.437,0.012,0.012
14.04.2025 13:31:05.149,212.553,212.437,0.012,0.012
14.04.2025 13:31:05.349,212.62400000000002,212.486,0.012,0.012
14.04.2025 13:31:06.301,212.663,212.48700000000002,0.012,0.012
14.04.2025 13:31:07.003,212.644,212.486,0.012,0.012
14.04.2025 13:31:07.149,212.61400000000003,212.486,0.012,0.012
14.04.2025 13:31:07.200,212.704,212.546,0.012,0.012
14.04.2025 13:31:07.251,212.793,212.607,0.012,0.012
14.04.2025 13:31:07.353,212.793,212.61700000000002,0.012,0.012
14.04.2025 13:31:07.454,212.773,212.667,0.012,0.012
14.04.2025 13:31:07.505,212.823,212.70700000000002,0.012,0.012
14.04.2025 13:31:07.606,212.823,212.667,0.012,0.012
14.04.2025 13:31:07.657,212.83400000000003,212.666,0.012,0.012
14.04.2025 13:31:08.111,212.853,212.667,0.012,0.012
14.04.2025 13:31:08.161,212.88400000000001,212.706,0.012,0.012
14.04.2025 13:31:08.311,212.94400000000002,212.77599999999998,0.012,0.012
14.04.2025 13:31:08.462,212.94400000000002,212.80599999999998,0.012,0.012
14.04.2025 13:31:08.612,212.894,212.80599999999998,0.012,0.012
14.04.2025 13:31:08.814,212.913,212.80700000000002,0.012,0.012
14.04.2025 13:31:08.965,212.813,212.717,0.012,0.012
14.04.2025 13:31:09.015,212.863,212.717,0.012,0.012
14.04.2025 13:31:09.216,212.773,212.577,0.012,0.012
14.04.2025 13:31:09.367,212.703,212.507,0.012,0.012
14.04.2025 13:31:09.517,212.703,212.54700000000003,0.012,0.012
14.04.2025 13:31:09.818,212.74400000000003,212.546,0.012,0.012
14.04.2025 13:31:09.918,212.773,212.627,0.012,0.012
14.04.2025 13:31:10.119,212.794,212.62599999999998,0.012,0.012
14.04.2025 13:31:10.169,212.75400000000002,212.636,0.012,0.012
14.04.2025 13:31:10.219,212.69299999999998,212.54700000000003,0.012,0.012
14.04.2025 13:31:10.320,212.72299999999998,212.54700000000003,0.012,0.012
14.04.2025 13:31:10.370,212.674,212.506,0.012,0.012
14.04.2025 13:31:10.721,212.743,212.597,0.012,0.012
14.04.2025 13:31:10.821,212.873,212.687,0.012,0.012
14.04.2025 13:31:11.071,212.81400000000002,212.62599999999998,0.012,0.012
14.04.2025 13:31:11.222,212.96400000000003,212.77599999999998,0.012,0.012
14.04.2025 13:31:11.351,212.963,212.73700000000002,0.012,0.012
14.04.2025 13:31:11.654,212.96400000000003,212.766,0.012,0.012
14.04.2025 13:31:12.008,212.90400000000002,212.766,0.012,0.012
14.04.2025 13:31:12.210,212.90400000000002,212.786,0.012,0.012
14.04.2025 13:31:12.311,212.94400000000002,212.786,0.012,0.012
14.04.2025 13:31:12.512,212.94299999999998,212.79700000000003,0.012,0.012
14.04.2025 13:31:12.613,212.97299999999998,212.83700000000002,0.012,0.012
14.04.2025 13:31:12.914,212.94400000000002,212.796,0.012,0.012
14.04.2025 13:31:12.965,212.71400000000003,212.596,0.012,0.012
14.04.2025 13:31:13.015,212.75400000000002,212.566,0.012,0.012
14.04.2025 13:31:13.217,212.71400000000003,212.596,0.012,0.012
14.04.2025 13:31:13.267,212.81400000000002,212.636,0.012,0.012
14.04.2025 13:31:13.318,212.794,212.636,0.012,0.012
14.04.2025 13:31:13.518,212.69299999999998,212.507,0.012,0.012
14.04.2025 13:31:13.569,212.733,212.55700000000002,0.012,0.012
14.04.2025 13:31:13.721,212.733,212.58700000000002,0.012,0.012
14.04.2025 13:31:13.972,212.613,212.537,0.012,0.012
14.04.2025 13:31:14.022,212.734,212.536,0.012,0.012
14.04.2025 13:31:14.374,212.623,212.51700000000002,0.012,0.012
14.04.2025 13:31:14.424,212.62400000000002,212.506,0.012,0.012
14.04.2025 13:31:14.475,212.653,212.507,0.012,0.012
14.04.2025 13:31:14.576,212.643,212.507,0.012,0.012
14.04.2025 13:31:15.227,212.553,212.45700000000002,0.012,0.012
14.04.2025 13:31:15.377,212.49400000000003,212.326,0.012,0.012
14.04.2025 13:31:15.678,212.514,212.356,0.012,0.012
14.04.2025 13:31:15.779,212.544,212.386,0.012,0.012
14.04.2025 13:31:15.829,212.543,212.357,0.012,0.012
14.04.2025 13:31:16.021,212.483,212.327,0.012,0.012
14.04.2025 13:31:16.073,212.44299999999998,212.26700000000002,0.012,0.012
14.04.2025 13:31:16.173,212.47299999999998,212.26700000000002,0.012,0.012
14.04.2025 13:31:16.273,212.50400000000002,212.266,0.012,0.012
14.04.2025 13:31:16.475,212.37400000000002,212.12599999999998,0.012,0.012
14.04.2025 13:31:16.675,212.31400000000002,212.12599999999998,0.012,0.012
14.04.2025 13:31:16.876,212.253,212.11700000000002,0.012,0.012
14.04.2025 13:31:16.976,212.27400000000003,212.11599999999999,0.012,0.012
14.04.2025 13:31:17.327,212.31400000000002,212.11599999999999,0.012,0.012
14.04.2025 13:31:17.377,212.324,212.18599999999998,0.012,0.012
14.04.2025 13:31:17.728,212.324,212.206,0.012,0.012
14.04.2025 13:31:17.928,212.453,212.26700000000002,0.012,0.012
14.04.2025 13:31:18.079,212.36400000000003,212.21599999999998,0.012,0.012
14.04.2025 13:31:18.179,212.38400000000001,212.21599999999998,0.012,0.012
14.04.2025 13:31:18.279,212.423,212.23700000000002,0.012,0.012
14.04.2025 13:31:18.330,212.503,212.357,0.012,0.012
14.04.2025 13:31:18.530,212.484,212.30599999999998,0.012,0.012
14.04.2025 13:31:18.681,212.484,212.386,0.012,0.012
14.04.2025 13:31:18.831,212.544,212.396,0.012,0.012
14.04.2025 13:31:19.132,212.543,212.417,0.012,0.012
14.04.2025 13:31:19.333,212.514,212.386,0.012,0.012
14.04.2025 13:31:19.483,212.513,212.33700000000002,0.012,0.012
14.04.2025 13:31:19.734,212.46400000000003,212.30599999999998,0.012,0.012
14.04.2025 13:31:19.884,212.463,212.29700000000003,0.012,0.012
14.04.2025 13:31:19.985,212.43400000000003,212.21599999999998,0.012,0.012
14.04.2025 13:31:20.186,212.363,212.227,0.012,0.012
14.04.2025 13:31:20.542,212.563,212.347,0.012,0.012
14.04.2025 13:31:20.592,212.56400000000002,212.386,0.012,0.012
14.04.2025 13:31:20.693,212.674,212.476,0.012,0.012
14.04.2025 13:31:20.743,212.69400000000002,212.536,0.012,0.012
14.04.2025 13:31:20.894,212.69299999999998,212.477,0.012,0.012
14.04.2025 13:31:20.944,212.58400000000003,212.46599999999998,0.012,0.012
14.04.2025 13:31:20.994,212.644,212.46599999999998,0.012,0.012
14.04.2025 13:31:21.095,212.643,212.437,0.012,0.012
14.04.2025 13:31:21.145,212.633,212.437,0.012,0.012
14.04.2025 13:31:21.246,212.544,212.386,0.012,0.012
14.04.2025 13:31:21.296,212.59400000000002,212.386,0.012,0.012
14.04.2025 13:31:21.347,212.63400000000001,212.46599999999998,0.012,0.012
14.04.2025 13:31:21.448,212.63400000000001,212.426,0.012,0.012
14.04.2025 13:31:21.599,212.63400000000001,212.386,0.012,0.012
14.04.2025 13:31:21.749,212.63400000000001,212.396,0.012,0.012
14.04.2025 13:31:21.799,212.633,212.387,0.012,0.012
14.04.2025 13:31:21.900,212.603,212.327,0.012,0.012
14.04.2025 13:31:22.100,212.533,212.36700000000002,0.012,0.012
14.04.2025 13:31:22.250,212.53400000000002,212.396,0.012,0.012
14.04.2025 13:31:22.351,212.50400000000002,212.226,0.012,0.012
14.04.2025 13:31:22.602,212.454,212.226,0.012,0.012
14.04.2025 13:31:22.752,212.453,212.29700000000003,0.012,0.012
14.04.2025 13:31:22.803,212.423,212.257,0.012,0.012
14.04.2025 13:31:22.903,212.454,212.256,0.012,0.012
14.04.2025 13:31:22.953,212.424,212.256,0.012,0.012
14.04.2025 13:31:23.204,212.424,212.326,0.012,0.012
14.04.2025 13:31:23.305,212.50400000000002,212.346,0.012,0.012
14.04.2025 13:31:23.356,212.50400000000002,212.286,0.012,0.012
14.04.2025 13:31:23.556,212.50400000000002,212.296,0.012,0.012
14.04.2025 13:31:23.707,212.463,212.257,0.012,0.012
14.04.2025 13:31:24.309,212.363,212.197,0.012,0.012
14.04.2025 13:31:24.510,212.293,212.167,0.012,0.012
14.04.2025 13:31:24.660,212.28400000000002,212.106,0.012,0.012
14.04.2025 13:31:24.860,212.283,212.137,0.012,0.012
14.04.2025 13:31:24.961,212.173,211.997,0.012,0.012
14.04.2025 13:31:25.053,212.053,211.877,0.012,0.012
14.04.2025 13:31:25.163,212.05400000000003,211.83599999999998,0.012,0.012
14.04.2025 13:31:25.314,211.794,211.726,0.012,0.012
14.04.2025 13:31:25.365,211.823,211.70700000000002,0.012,0.012
14.04.2025 13:31:25.416,211.824,211.646,0.012,0.012
14.04.2025 13:31:25.667,211.63400000000001,211.49599999999998,0.012,0.012
14.04.2025 13:31:25.767,211.623,211.447,0.012,0.012
14.04.2025 13:31:25.868,211.583,211.447,0.012,0.012
14.04.2025 13:31:25.968,211.62400000000002,211.446,0.012,0.012
14.04.2025 13:31:26.170,211.58400000000003,211.446,0.012,0.012
14.04.2025 13:31:26.372,211.623,211.447,0.012,0.012
14.04.2025 13:31:26.472,211.514,211.36599999999999,0.012,0.012
14.04.2025 13:31:26.673,211.47400000000002,211.27599999999998,0.012,0.012
14.04.2025 13:31:26.823,211.483,211.33700000000002,0.012,0.012
14.04.2025 13:31:26.974,211.483,211.27700000000002,0.012,0.012
14.04.2025 13:31:27.124,211.46400000000003,211.316,0.012,0.012
14.04.2025 13:31:27.325,211.52400000000003,211.416,0.012,0.012
14.04.2025 13:31:27.475,211.683,211.477,0.012,0.012
14.04.2025 13:31:27.576,211.58400000000003,211.426,0.012,0.012
14.04.2025 13:31:27.626,211.683,211.42700000000002,0.012,0.012
14.04.2025 13:31:27.826,211.593,211.42700000000002,0.012,0.012
14.04.2025 13:31:28.577,211.593,211.477,0.012,0.012
14.04.2025 13:31:28.828,211.613,211.477,0.012,0.012
14.04.2025 13:31:28.928,211.653,211.477,0.012,0.012
14.04.2025 13:31:29.128,211.683,211.567,0.012,0.012
14.04.2025 13:31:29.179,211.743,211.597,0.012,0.012
14.04.2025 13:31:29.230,211.783,211.597,0.012,0.012
14.04.2025 13:31:29.280,211.783,211.607,0.012,0.012
14.04.2025 13:31:29.481,211.74400000000003,211.576,0.012,0.012
14.04.2025 13:31:29.631,211.743,211.607,0.012,0.012
14.04.2025 13:31:29.731,211.743,211.577,0.012,0.012
14.04.2025 13:31:29.832,211.603,211.42700000000002,0.012,0.012
14.04.2025 13:31:29.882,211.553,211.417,0.012,0.012
14.04.2025 13:31:30.075,211.553,211.42700000000002,0.012,0.012
14.04.2025 13:31:30.176,211.553,211.417,0.012,0.012
14.04.2025 13:31:30.328,211.553,211.357,0.012,0.012
14.04.2025 13:31:30.378,211.47299999999998,211.357,0.012,0.012
14.04.2025 13:31:30.580,211.47299999999998,211.327,0.012,0.012
14.04.2025 13:31:30.684,211.573,211.387,0.012,0.012
14.04.2025 13:31:30.734,211.574,211.446,0.012,0.012
14.04.2025 13:31:30.985,211.69400000000002,211.536,0.012,0.012
14.04.2025 13:31:31.086,211.743,211.58700000000002,0.012,0.012
14.04.2025 13:31:31.537,211.783,211.64700000000002,0.012,0.012
14.04.2025 13:31:31.638,211.863,211.64700000000002,0.012,0.012
14.04.2025 13:31:31.738,211.883,211.64700000000002,0.012,0.012
14.04.2025 13:31:31.838,211.69400000000002,211.516,0.012,0.012
14.04.2025 13:31:31.939,211.643,211.45700000000002,0.012,0.012
14.04.2025 13:31:32.089,211.493,211.287,0.012,0.012
14.04.2025 13:31:32.290,211.34400000000002,211.236,0.012,0.012
14.04.2025 13:31:32.490,211.324,211.236,0.012,0.012
14.04.2025 13:31:32.691,211.34400000000002,211.236,0.012,0.012
14.04.2025 13:31:32.991,211.324,211.236,0.012,0.012
14.04.2025 13:31:33.042,211.34400000000002,211.236,0.012,0.012
14.04.2025 13:31:33.242,211.33400000000003,211.196,0.012,0.012
14.04.2025 13:31:33.693,211.324,211.196,0.012,0.012
14.04.2025 13:31:33.743,211.323,211.187,0.012,0.012
14.04.2025 13:31:33.794,211.324,211.166,0.012,0.012
14.04.2025 13:31:34.295,211.30400000000003,211.146,0.012,0.012
14.04.2025 13:31:34.446,211.323,211.247,0.012,0.012
14.04.2025 13:31:34.496,211.324,211.206,0.012,0.012
14.04.2025 13:31:34.920,211.34400000000002,211.256,0.012,0.012
14.04.2025 13:31:34.970,211.423,211.257,0.012,0.012
14.04.2025 13:31:35.070,211.36400000000003,211.206,0.012,0.012
14.04.2025 13:31:35.123,211.41400000000002,211.196,0.012,0.012
14.04.2025 13:31:35.476,211.403,211.197,0.012,0.012
14.04.2025 13:31:35.730,211.41400000000002,211.196,0.012,0.012
14.04.2025 13:31:35.885,211.424,211.236,0.012,0.012
14.04.2025 13:31:36.035,211.453,211.327,0.012,0.012
14.04.2025 13:31:36.086,211.47400000000002,211.326,0.012,0.012
14.04.2025 13:31:36.336,211.463,211.357,0.012,0.012
14.04.2025 13:31:36.437,211.463,211.327,0.012,0.012
14.04.2025 13:31:36.537,211.483,211.327,0.012,0.012
14.04.2025 13:31:36.689,211.47299999999998,211.327,0.012,0.012
14.04.2025 13:31:36.739,211.463,211.287,0.012,0.012
14.04.2025 13:31:37.241,211.433,211.287,0.012,0.012
14.04.2025 13:31:38.242,211.43400000000003,211.30599999999998,0.012,0.012
14.04.2025 13:31:38.293,211.43400000000003,211.286,0.012,0.012
14.04.2025 13:31:38.344,211.44299999999998,211.287,0.012,0.012
14.04.2025 13:31:38.444,211.394,211.18599999999998,0.012,0.012
14.04.2025 13:31:38.645,211.37400000000002,211.176,0.012,0.012
14.04.2025 13:31:38.995,211.37400000000002,211.24599999999998,0.012,0.012
14.04.2025 13:31:39.622,211.36400000000003,211.136,0.012,0.012
14.04.2025 13:31:39.673,211.294,211.136,0.012,0.012
14.04.2025 13:31:39.823,211.293,211.14700000000002,0.012,0.012
14.04.2025 13:31:39.874,211.294,211.136,0.012,0.012
14.04.2025 13:31:39.975,211.263,211.107,0.012,0.012
14.04.2025 13:31:40.477,211.22299999999998,211.107,0.012,0.012
14.04.2025 13:31:40.578,211.22299999999998,211.097,0.012,0.012
14.04.2025 13:31:40.778,211.203,211.02700000000002,0.012,0.012
14.04.2025 13:31:41.130,211.203,211.04700000000003,0.012,0.012
14.04.2025 13:31:41.784,211.204,211.106,0.012,0.012
14.04.2025 13:31:41.835,211.204,211.066,0.012,0.012
14.04.2025 13:31:41.985,211.204,211.046,0.012,0.012
14.04.2025 13:31:42.486,211.19299999999998,211.04700000000003,0.012,0.012
14.04.2025 13:31:42.587,211.234,211.096,0.012,0.012
14.04.2025 13:31:42.637,211.253,211.107,0.012,0.012
14.04.2025 13:31:42.890,211.253,211.077,0.012,0.012
14.04.2025 13:31:43.194,211.19400000000002,211.076,0.012,0.012
14.04.2025 13:31:43.345,211.143,211.067,0.012,0.012
14.04.2025 13:31:43.495,211.19400000000002,211.096,0.012,0.012
14.04.2025 13:31:43.546,211.19400000000002,211.066,0.012,0.012
14.04.2025 13:31:43.646,211.183,211.02700000000002,0.012,0.012
14.04.2025 13:31:43.796,211.13400000000001,210.976,0.012,0.012
14.04.2025 13:31:43.897,211.393,211.257,0.012,0.012
14.04.2025 13:31:44.048,211.393,211.23700000000002,0.012,0.012
14.04.2025 13:31:44.137,211.363,211.23700000000002,0.012,0.012
14.04.2025 13:31:44.190,211.354,211.206,0.012,0.012
14.04.2025 13:31:44.241,211.353,211.197,0.012,0.012
14.04.2025 13:31:44.443,211.273,211.157,0.012,0.012
14.04.2025 13:31:44.544,211.28400000000002,211.146,0.012,0.012
14.04.2025 13:31:44.695,211.234,211.136,0.012,0.012
14.04.2025 13:31:44.746,211.24400000000003,211.136,0.012,0.012
14.04.2025 13:31:44.996,211.264,211.15599999999998,0.012,0.012
14.04.2025 13:31:45.097,211.30400000000003,211.15599999999998,0.012,0.012
14.04.2025 13:31:45.197,211.204,211.046,0.012,0.012
14.04.2025 13:31:45.248,211.233,211.037,0.012,0.012
14.04.2025 13:31:45.399,211.253,211.11700000000002,0.012,0.012
14.04.2025 13:31:45.499,211.253,211.037,0.012,0.012
14.04.2025 13:31:45.650,211.233,211.097,0.012,0.012
14.04.2025 13:31:45.750,211.25400000000002,211.096,0.012,0.012
14.04.2025 13:31:45.851,211.264,211.096,0.012,0.012
14.04.2025 13:31:46.001,211.263,211.137,0.012,0.012
14.04.2025 13:31:46.051,211.263,211.097,0.012,0.012
14.04.2025 13:31:46.152,211.27400000000003,211.096,0.012,0.012
14.04.2025 13:31:46.459,211.293,211.187,0.012,0.012
14.04.2025 13:31:46.510,211.243,211.097,0.012,0.012
14.04.2025 13:31:46.610,211.27400000000003,211.096,0.012,0.012
14.04.2025 13:31:46.861,211.234,211.096,0.012,0.012
14.04.2025 13:31:46.911,211.18400000000003,211.036,0.012,0.012
14.04.2025 13:31:46.962,211.234,211.036,0.012,0.012
14.04.2025 13:31:47.112,211.21400000000003,211.036,0.012,0.012
14.04.2025 13:31:47.163,211.21400000000003,211.02599999999998,0.012,0.012
14.04.2025 13:31:47.264,211.213,211.04700000000003,0.012,0.012
14.04.2025 13:31:47.465,211.173,211.04700000000003,0.012,0.012
14.04.2025 13:31:47.917,211.174,211.066,0.012,0.012
14.04.2025 13:31:47.967,211.213,211.08700000000002,0.012,0.012
14.04.2025 13:31:48.269,211.213,211.107,0.012,0.012
14.04.2025 13:31:48.470,211.153,211.04700000000003,0.012,0.012
14.04.2025 13:31:49.064,211.103,210.98700000000002,0.012,0.012
14.04.2025 13:31:49.115,211.104,210.976,0.012,0.012
14.04.2025 13:31:49.215,211.09400000000002,210.976,0.012,0.012
14.04.2025 13:31:49.916,211.063,210.917,0.012,0.012
14.04.2025 13:31:50.067,211.044,210.916,0.012,0.012
14.04.2025 13:31:50.267,210.913,210.83700000000002,0.012,0.012
14.04.2025 13:31:50.318,210.953,210.83700000000002,0.012,0.012
14.04.2025 13:31:50.719,210.903,210.80700000000002,0.012,0.012
14.04.2025 13:31:50.769,210.953,210.80700000000002,0.012,0.012
14.04.2025 13:31:50.819,211.003,210.86700000000002,0.012,0.012
14.04.2025 13:31:50.869,211.00400000000002,210.80599999999998,0.012,0.012
14.04.2025 13:31:51.171,211.00400000000002,210.816,0.012,0.012
14.04.2025 13:31:51.323,211.003,210.80700000000002,0.012,0.012
14.04.2025 13:31:51.373,211.003,210.827,0.012,0.012
14.04.2025 13:31:51.474,211.06400000000002,210.946,0.012,0.012
14.04.2025 13:31:51.524,211.093,210.947,0.012,0.012
14.04.2025 13:31:51.725,211.12400000000002,211.02599999999998,0.012,0.012
14.04.2025 13:31:51.775,211.12400000000002,210.956,0.012,0.012
14.04.2025 13:31:51.826,211.15400000000002,211.02599999999998,0.012,0.012
14.04.2025 13:31:52.027,211.15400000000002,211.016,0.012,0.012
14.04.2025 13:31:52.077,211.15400000000002,211.02599999999998,0.012,0.012
14.04.2025 13:31:52.128,211.153,211.01700000000002,0.012,0.012
14.04.2025 13:31:52.329,211.033,210.907,0.012,0.012
14.04.2025 13:31:52.679,211.02400000000003,210.90599999999998,0.012,0.012
14.04.2025 13:31:52.831,210.96400000000003,210.77599999999998,0.012,0.012
14.04.2025 13:31:53.032,210.993,210.77700000000002,0.012,0.012
14.04.2025 13:31:53.083,210.99400000000003,210.80599999999998,0.012,0.012
14.04.2025 13:31:53.459,210.993,210.887,0.012,0.012
14.04.2025 13:31:53.510,210.99400000000003,210.80599999999998,0.012,0.012
14.04.2025 13:31:53.864,210.953,210.77700000000002,0.012,0.012
14.04.2025 13:31:54.267,210.903,210.76700000000002,0.012,0.012
14.04.2025 13:31:54.317,210.853,210.687,0.012,0.012
14.04.2025 13:31:54.368,210.773,210.717,0.012,0.012
14.04.2025 13:31:54.568,210.853,210.687,0.012,0.012
14.04.2025 13:31:54.668,210.90400000000002,210.696,0.012,0.012
14.04.2025 13:31:55.370,210.813,210.697,0.012,0.012
14.04.2025 13:31:55.621,210.753,210.697,0.012,0.012
14.04.2025 13:31:55.771,210.81400000000002,210.696,0.012,0.012
14.04.2025 13:31:56.022,210.753,210.697,0.012,0.012
14.04.2025 13:31:56.924,210.843,210.757,0.012,0.012
14.04.2025 13:31:56.975,210.843,210.697,0.012,0.012
14.04.2025 13:31:57.075,210.84400000000002,210.68599999999998,0.012,0.012
14.04.2025 13:31:57.175,210.81400000000002,210.68599999999998,0.012,0.012
14.04.2025 13:31:57.276,210.854,210.74599999999998,0.012,0.012
14.04.2025 13:31:57.426,210.91400000000002,210.74599999999998,0.012,0.012
14.04.2025 13:31:57.527,210.86400000000003,210.74599999999998,0.012,0.012
14.04.2025 13:31:57.627,210.91400000000002,210.706,0.012,0.012
14.04.2025 13:31:57.677,210.97400000000002,210.83599999999998,0.012,0.012
14.04.2025 13:31:57.728,210.97400000000002,210.736,0.012,0.012
14.04.2025 13:31:57.778,210.91400000000002,210.736,0.012,0.012
14.04.2025 13:31:58.018,210.913,210.80700000000002,0.012,0.012
14.04.2025 13:31:58.174,210.913,210.83700000000002,0.012,0.012
14.04.2025 13:31:58.227,210.853,210.73700000000002,0.012,0.012
14.04.2025 13:31:58.330,210.813,210.687,0.012,0.012
14.04.2025 13:31:58.432,210.78400000000002,210.646,0.012,0.012
14.04.2025 13:31:58.939,210.69400000000002,210.606,0.012,0.012
14.04.2025 13:31:58.989,210.734,210.606,0.012,0.012
14.04.2025 13:31:59.391,210.683,210.567,0.012,0.012
14.04.2025 13:31:59.642,210.543,210.447,0.012,0.012
14.04.2025 13:31:59.693,210.52400000000003,210.416,0.012,0.012
14.04.2025 13:31:59.943,210.53400000000002,210.416,0.012,0.012
14.04.2025 13:32:00.044,210.58400000000003,210.416,0.012,0.012
14.04.2025 13:32:00.144,210.543,210.417,0.012,0.012
14.04.2025 13:32:00.345,210.543,210.497,0.012,0.012
14.04.2025 13:32:00.396,210.623,210.42700000000002,0.012,0.012
14.04.2025 13:32:00.947,210.623,210.507,0.012,0.012
14.04.2025 13:32:01.098,210.704,210.61599999999999,0.012,0.012
14.04.2025 13:32:01.148,210.674,210.506,0.012,0.012
14.04.2025 13:32:01.248,210.603,210.507,0.012,0.012
14.04.2025 13:32:01.349,210.674,210.506,0.012,0.012
14.04.2025 13:32:01.449,210.58400000000003,210.416,0.012,0.012
14.04.2025 13:32:01.500,210.673,210.417,0.012,0.012
14.04.2025 13:32:01.550,210.583,210.417,0.012,0.012
14.04.2025 13:32:01.850,210.703,210.467,0.012,0.012
14.04.2025 13:32:01.901,210.704,210.52599999999998,0.012,0.012
14.04.2025 13:32:02.052,210.603,210.437,0.012,0.012
14.04.2025 13:32:02.596,210.69299999999998,210.45700000000002,0.012,0.012
14.04.2025 13:32:02.696,210.65400000000002,210.456,0.012,0.012
14.04.2025 13:32:02.747,210.65400000000002,210.43599999999998,0.012,0.012
14.04.2025 13:32:02.897,210.653,210.447,0.012,0.012
14.04.2025 13:32:02.948,210.69400000000002,210.46599999999998,0.012,0.012
14.04.2025 13:32:03.048,210.69299999999998,210.477,0.012,0.012
14.04.2025 13:32:03.299,210.72299999999998,210.64700000000002,0.012,0.012
14.04.2025 13:32:03.400,210.75400000000002,210.58599999999998,0.012,0.012
14.04.2025 13:32:03.450,210.803,210.637,0.012,0.012
14.04.2025 13:32:03.551,210.813,210.537,0.012,0.012
14.04.2025 13:32:03.652,210.77400000000003,210.536,0.012,0.012
14.04.2025 13:32:03.852,210.773,210.567,0.012,0.012
14.04.2025 13:32:04.153,210.853,210.667,0.012,0.012
14.04.2025 13:32:04.304,210.854,210.62599999999998,0.012,0.012
14.04.2025 13:32:04.504,210.794,210.62599999999998,0.012,0.012
14.04.2025 13:32:04.655,210.87400000000002,210.646,0.012,0.012
14.04.2025 13:32:04.805,210.813,210.64700000000002,0.012,0.012
14.04.2025 13:32:04.906,210.873,210.727,0.012,0.012
14.04.2025 13:32:04.956,210.873,210.687,0.012,0.012
14.04.2025 13:32:05.057,210.96400000000003,210.77599999999998,0.012,0.012
14.04.2025 13:32:05.157,211.003,210.77700000000002,0.012,0.012
14.04.2025 13:32:05.207,211.02400000000003,210.846,0.012,0.012
14.04.2025 13:32:05.308,211.02400000000003,210.916,0.012,0.012
14.04.2025 13:32:05.358,211.083,210.95700000000002,0.012,0.012
14.04.2025 13:32:05.460,211.063,210.95700000000002,0.012,0.012
14.04.2025 13:32:05.661,210.983,210.89700000000002,0.012,0.012
14.04.2025 13:32:05.711,210.963,210.83700000000002,0.012,0.012
14.04.2025 13:32:05.812,210.93400000000003,210.83599999999998,0.012,0.012
14.04.2025 13:32:05.962,210.94299999999998,210.83700000000002,0.012,0.012
14.04.2025 13:32:06.214,210.94299999999998,210.77700000000002,0.012,0.012
14.04.2025 13:32:06.314,210.913,210.667,0.012,0.012
14.04.2025 13:32:06.465,210.873,210.667,0.012,0.012
14.04.2025 13:32:06.615,210.83400000000003,210.74599999999998,0.012,0.012
14.04.2025 13:32:06.689,210.873,210.747,0.012,0.012
14.04.2025 13:32:06.905,210.91400000000002,210.83599999999998,0.012,0.012
14.04.2025 13:32:07.107,210.91400000000002,210.756,0.012,0.012
14.04.2025 13:32:07.559,210.94299999999998,210.757,0.012,0.012
14.04.2025 13:32:08.061,210.97299999999998,210.827,0.012,0.012
14.04.2025 13:32:08.162,211.044,210.826,0.012,0.012
14.04.2025 13:32:08.212,211.00400000000002,210.826,0.012,0.012
14.04.2025 13:32:08.314,211.03400000000002,210.926,0.012,0.012
14.04.2025 13:32:08.466,211.033,210.877,0.012,0.012
14.04.2025 13:32:08.719,211.053,210.877,0.012,0.012
14.04.2025 13:32:08.820,211.003,210.877,0.012,0.012
14.04.2025 13:32:08.871,211.003,210.86700000000002,0.012,0.012
14.04.2025 13:32:08.921,210.94299999999998,210.857,0.012,0.012
14.04.2025 13:32:09.023,210.983,210.857,0.012,0.012
14.04.2025 13:32:09.173,210.984,210.886,0.012,0.012
14.04.2025 13:32:09.224,211.03400000000002,210.87599999999998,0.012,0.012
14.04.2025 13:32:09.324,211.03400000000002,210.886,0.012,0.012
14.04.2025 13:32:09.525,211.05400000000003,210.886,0.012,0.012
14.04.2025 13:32:09.676,211.044,210.886,0.012,0.012
14.04.2025 13:32:09.827,211.093,211.01700000000002,0.012,0.012
14.04.2025 13:32:09.877,211.104,211.016,0.012,0.012
14.04.2025 13:32:09.978,211.09400000000002,210.96599999999998,0.012,0.012
14.04.2025 13:32:10.328,211.05400000000003,210.86599999999999,0.012,0.012
14.04.2025 13:32:10.529,211.02400000000003,210.86599999999999,0.012,0.012
14.04.2025 13:32:10.721,211.003,210.86700000000002,0.012,0.012
14.04.2025 13:32:10.774,211.133,211.05700000000002,0.012,0.012
14.04.2025 13:32:10.825,211.13400000000001,210.99599999999998,0.012,0.012
14.04.2025 13:32:10.875,211.123,210.997,0.012,0.012
14.04.2025 13:32:10.926,211.11400000000003,210.96599999999998,0.012,0.012
14.04.2025 13:32:11.227,211.113,211.01700000000002,0.012,0.012
14.04.2025 13:32:11.980,211.053,210.967,0.012,0.012
14.04.2025 13:32:12.030,211.11400000000003,210.96599999999998,0.012,0.012
14.04.2025 13:32:12.131,211.053,210.967,0.012,0.012
14.04.2025 13:32:12.232,210.97299999999998,210.86700000000002,0.012,0.012
14.04.2025 13:32:12.282,211.103,210.977,0.012,0.012
14.04.2025 13:32:12.432,211.09400000000002,210.96599999999998,0.012,0.012
14.04.2025 13:32:12.684,210.993,210.857,0.012,0.012
14.04.2025 13:32:12.784,210.983,210.847,0.012,0.012
14.04.2025 13:32:12.884,210.854,210.68599999999998,0.012,0.012
14.04.2025 13:32:12.936,210.81400000000002,210.666,0.012,0.012
14.04.2025 13:32:13.537,210.823,210.667,0.012,0.012
14.04.2025 13:32:13.637,210.854,210.726,0.012,0.012
14.04.2025 13:32:13.738,210.823,210.667,0.012,0.012
14.04.2025 13:32:14.140,210.764,210.65599999999998,0.012,0.012
14.04.2025 13:32:14.190,210.84400000000002,210.65599999999998,0.012,0.012
14.04.2025 13:32:14.241,210.824,210.65599999999998,0.012,0.012
14.04.2025 13:32:14.391,210.87400000000002,210.796,0.012,0.012
14.04.2025 13:32:14.442,210.99400000000003,210.796,0.012,0.012
14.04.2025 13:32:14.542,211.09400000000002,210.916,0.012,0.012
14.04.2025 13:32:14.793,211.043,210.917,0.012,0.012
14.04.2025 13:32:14.994,210.983,210.917,0.012,0.012
14.04.2025 13:32:15.144,210.97400000000002,210.87599999999998,0.012,0.012
14.04.2025 13:32:15.239,210.88400000000001,210.74599999999998,0.012,0.012
14.04.2025 13:32:15.404,210.883,210.697,0.012,0.012
14.04.2025 13:32:15.505,210.883,210.717,0.012,0.012
14.04.2025 13:32:15.756,210.77400000000003,210.65599999999998,0.012,0.012
14.04.2025 13:32:15.907,210.72299999999998,210.657,0.012,0.012
14.04.2025 13:32:15.958,210.72299999999998,210.577,0.012,0.012
14.04.2025 13:32:16.009,210.673,210.577,0.012,0.012
14.04.2025 13:32:16.261,210.674,210.516,0.012,0.012
14.04.2025 13:32:16.311,210.623,210.48700000000002,0.012,0.012
14.04.2025 13:32:16.612,210.583,210.437,0.012,0.012
14.04.2025 13:32:16.662,210.573,210.45700000000002,0.012,0.012
14.04.2025 13:32:16.713,210.573,210.437,0.012,0.012
14.04.2025 13:32:16.763,210.543,210.417,0.012,0.012
14.04.2025 13:32:16.964,210.36400000000003,210.21599999999998,0.012,0.012
14.04.2025 13:32:17.065,210.36400000000003,210.256,0.012,0.012
14.04.2025 13:32:17.266,210.363,210.217,0.012,0.012
14.04.2025 13:32:17.667,210.253,210.217,0.012,0.012
14.04.2025 13:32:17.717,210.36400000000003,210.226,0.012,0.012
14.04.2025 13:32:17.818,210.36400000000003,210.21599999999998,0.012,0.012
14.04.2025 13:32:17.868,210.273,210.197,0.012,0.012
14.04.2025 13:32:17.919,210.24400000000003,210.136,0.012,0.012
14.04.2025 13:32:18.019,210.293,210.137,0.012,0.012
14.04.2025 13:32:18.069,210.213,210.137,0.012,0.012
14.04.2025 13:32:18.171,210.12400000000002,210.08599999999998,0.012,0.012
14.04.2025 13:32:18.221,210.123,210.01700000000002,0.012,0.012
14.04.2025 13:32:18.322,210.123,210.02700000000002,0.012,0.012
14.04.2025 13:32:18.424,210.253,210.11700000000002,0.012,0.012
14.04.2025 13:32:18.475,210.263,210.127,0.012,0.012
14.04.2025 13:32:18.575,210.28400000000002,210.12599999999998,0.012,0.012
14.04.2025 13:32:18.678,210.25400000000002,210.15599999999998,0.012,0.012
14.04.2025 13:32:18.729,210.353,210.157,0.012,0.012
14.04.2025 13:32:18.779,210.354,210.176,0.012,0.012
14.04.2025 13:32:18.931,210.353,210.217,0.012,0.012
14.04.2025 13:32:19.031,210.324,210.15599999999998,0.012,0.012
14.04.2025 13:32:19.182,210.323,210.167,0.012,0.012
14.04.2025 13:32:19.232,210.323,210.157,0.012,0.012
14.04.2025 13:32:19.573,210.294,210.136,0.012,0.012
14.04.2025 13:32:19.677,210.354,210.226,0.012,0.012
14.04.2025 13:32:19.778,210.36400000000003,210.226,0.012,0.012
14.04.2025 13:32:19.829,210.363,210.20700000000002,0.012,0.012
14.04.2025 13:32:19.929,210.324,210.206,0.012,0.012
14.04.2025 13:32:19.979,210.363,210.217,0.012,0.012
14.04.2025 13:32:20.030,210.354,210.21599999999998,0.012,0.012
14.04.2025 13:32:20.180,210.36400000000003,210.266,0.012,0.012
14.04.2025 13:32:20.231,210.43400000000003,210.27599999999998,0.012,0.012
14.04.2025 13:32:20.432,210.50400000000002,210.416,0.012,0.012
14.04.2025 13:32:20.482,210.463,210.357,0.012,0.012
14.04.2025 13:32:20.583,210.50400000000002,210.356,0.012,0.012
14.04.2025 13:32:20.683,210.49400000000003,210.36599999999999,0.012,0.012
14.04.2025 13:32:20.783,210.50400000000002,210.36599999999999,0.012,0.012
14.04.2025 13:32:20.935,210.50400000000002,210.356,0.012,0.012
14.04.2025 13:32:21.035,210.50400000000002,210.36599999999999,0.012,0.012
14.04.2025 13:32:21.135,210.50400000000002,210.356,0.012,0.012
14.04.2025 13:32:22.089,210.533,210.42700000000002,0.012,0.012
14.04.2025 13:32:22.139,210.533,210.357,0.012,0.012
14.04.2025 13:32:22.240,210.583,210.52700000000002,0.012,0.012
14.04.2025 13:32:22.340,210.63400000000001,210.40599999999998,0.012,0.012
14.04.2025 13:32:22.441,210.53400000000002,210.356,0.012,0.012
14.04.2025 13:32:22.742,210.49400000000003,210.296,0.012,0.012
14.04.2025 13:32:23.044,210.483,210.29700000000003,0.012,0.012
14.04.2025 13:32:23.545,210.484,210.386,0.012,0.012
14.04.2025 13:32:23.595,210.47299999999998,210.327,0.012,0.012
14.04.2025 13:32:23.747,210.47400000000002,210.296,0.012,0.012
14.04.2025 13:32:23.847,210.47299999999998,210.317,0.012,0.012
14.04.2025 13:32:23.898,210.44299999999998,210.26700000000002,0.012,0.012
14.04.2025 13:32:24.142,210.353,210.167,0.012,0.012
14.04.2025 13:32:24.293,210.22400000000002,210.136,0.012,0.012
14.04.2025 13:32:24.343,210.323,210.127,0.012,0.012
14.04.2025 13:32:24.393,210.293,210.127,0.012,0.012
14.04.2025 13:32:24.694,210.28400000000002,210.136,0.012,0.012
14.04.2025 13:32:24.744,210.324,210.136,0.012,0.012
14.04.2025 13:32:24.794,210.324,210.18599999999998,0.012,0.012
14.04.2025 13:32:24.995,210.324,210.136,0.012,0.012
14.04.2025 13:32:25.146,210.293,210.127,0.012,0.012
14.04.2025 13:32:25.396,210.174,210.02599999999998,0.012,0.012
14.04.2025 13:32:25.447,210.253,210.08700000000002,0.012,0.012
14.04.2025 13:32:25.949,210.263,210.107,0.012,0.012
14.04.2025 13:32:26.250,210.28400000000002,210.18599999999998,0.012,0.012
14.04.2025 13:32:26.400,210.28400000000002,210.11599999999999,0.012,0.012
14.04.2025 13:32:26.500,210.28400000000002,210.176,0.012,0.012
14.04.2025 13:32:26.601,210.28400000000002,210.196,0.012,0.012
14.04.2025 13:32:26.651,210.28400000000002,210.176,0.012,0.012
14.04.2025 13:32:26.852,210.253,210.11700000000002,0.012,0.012
14.04.2025 13:32:27.002,210.283,210.08700000000002,0.012,0.012
14.04.2025 13:32:27.203,210.253,210.107,0.012,0.012
14.04.2025 13:32:27.353,210.22400000000002,210.106,0.012,0.012
14.04.2025 13:32:27.603,210.173,210.02700000000002,0.012,0.012
14.04.2025 13:32:27.654,210.22299999999998,210.02700000000002,0.012,0.012
14.04.2025 13:32:27.754,210.203,210.02700000000002,0.012,0.012
14.04.2025 13:32:27.904,210.203,210.107,0.012,0.012
14.04.2025 13:32:28.156,210.163,210.02700000000002,0.012,0.012
14.04.2025 13:32:28.451,210.16400000000002,210.066,0.012,0.012
14.04.2025 13:32:28.602,210.203,210.067,0.012,0.012
14.04.2025 13:32:29.453,210.283,210.127,0.012,0.012
14.04.2025 13:32:29.504,210.233,210.127,0.012,0.012
14.04.2025 13:32:30.206,210.28400000000002,210.196,0.012,0.012
14.04.2025 13:32:30.257,210.403,210.197,0.012,0.012
14.04.2025 13:32:30.557,210.37400000000002,210.196,0.012,0.012
14.04.2025 13:32:30.658,210.19299999999998,210.02700000000002,0.012,0.012
14.04.2025 13:32:30.909,210.24400000000003,210.02599999999998,0.012,0.012
14.04.2025 13:32:31.110,210.183,210.02700000000002,0.012,0.012
14.04.2025 13:32:31.360,210.144,210.016,0.012,0.012
14.04.2025 13:32:31.561,210.183,210.01700000000002,0.012,0.012
14.04.2025 13:32:31.712,210.18400000000003,210.036,0.012,0.012
14.04.2025 13:32:31.912,210.13400000000001,210.036,0.012,0.012
14.04.2025 13:32:32.012,210.18400000000003,210.076,0.012,0.012
14.04.2025 13:32:32.313,210.18400000000003,210.11599999999999,0.012,0.012
14.04.2025 13:32:32.513,210.174,210.076,0.012,0.012
14.04.2025 13:32:32.564,210.22299999999998,210.067,0.012,0.012
14.04.2025 13:32:33.058,210.12400000000002,210.016,0.012,0.012
14.04.2025 13:32:33.258,210.123,210.02700000000002,0.012,0.012
14.04.2025 13:32:33.309,210.153,210.01700000000002,0.012,0.012
14.04.2025 13:32:33.459,210.183,210.01700000000002,0.012,0.012
14.04.2025 13:32:33.510,210.183,210.02700000000002,0.012,0.012
14.04.2025 13:32:34.111,210.104,210.02599999999998,0.012,0.012
14.04.2025 13:32:34.412,210.104,209.99599999999998,0.012,0.012
14.04.2025 13:32:34.462,210.043,209.967,0.012,0.012
14.04.2025 13:32:34.513,210.103,209.967,0.012,0.012
14.04.2025 13:32:34.563,210.103,209.997,0.012,0.012
14.04.2025 13:32:34.714,210.074,209.99599999999998,0.012,0.012
14.04.2025 13:32:34.915,210.104,210.02599999999998,0.012,0.012
14.04.2025 13:32:35.216,210.15400000000002,210.036,0.012,0.012
14.04.2025 13:32:35.317,210.11400000000003,210.036,0.012,0.012
14.04.2025 13:32:35.367,210.153,210.067,0.012,0.012
14.04.2025 13:32:35.418,210.15400000000002,209.976,0.012,0.012
14.04.2025 13:32:35.469,210.113,209.967,0.012,0.012
14.04.2025 13:32:35.621,210.053,209.967,0.012,0.012
14.04.2025 13:32:35.671,210.104,209.96599999999998,0.012,0.012
14.04.2025 13:32:36.227,210.103,209.98700000000002,0.012,0.012
14.04.2025 13:32:36.327,210.073,209.947,0.012,0.012
14.04.2025 13:32:36.528,210.103,209.947,0.012,0.012
14.04.2025 13:32:36.628,210.103,210.02700000000002,0.012,0.012
14.04.2025 13:32:36.778,210.133,210.02700000000002,0.012,0.012
14.04.2025 13:32:37.120,210.083,209.98700000000002,0.012,0.012
14.04.2025 13:32:37.222,210.093,209.997,0.012,0.012
14.04.2025 13:32:37.273,210.103,209.997,0.012,0.012
14.04.2025 13:32:37.525,210.103,210.007,0.012,0.012
14.04.2025 13:32:37.725,210.093,210.007,0.012,0.012
14.04.2025 13:32:37.976,210.153,210.007,0.012,0.012
14.04.2025 13:32:38.276,210.15400000000002,210.046,0.012,0.012
14.04.2025 13:32:38.427,210.15400000000002,210.02599999999998,0.012,0.012
14.04.2025 13:32:38.478,210.153,210.007,0.012,0.012
14.04.2025 13:32:38.528,210.083,209.997,0.012,0.012
14.04.2025 13:32:38.578,210.153,209.997,0.012,0.012
14.04.2025 13:32:38.679,210.15400000000002,210.006,0.012,0.012
14.04.2025 13:32:38.879,210.123,209.98700000000002,0.012,0.012
14.04.2025 13:32:39.029,210.053,209.947,0.012,0.012
14.04.2025 13:32:39.683,210.044,209.946,0.012,0.012
14.04.2025 13:32:39.783,210.044,209.90599999999998,0.012,0.012
14.04.2025 13:32:39.833,210.02400000000003,209.90599999999998,0.012,0.012
14.04.2025 13:32:40.234,209.983,209.907,0.012,0.012
14.04.2025 13:32:40.334,210.023,209.907,0.012,0.012
14.04.2025 13:32:40.435,210.02400000000003,209.926,0.012,0.012
14.04.2025 13:32:40.585,210.023,209.907,0.012,0.012
14.04.2025 13:32:40.737,210.02400000000003,209.916,0.012,0.012
14.04.2025 13:32:40.988,210.02400000000003,209.90599999999998,0.012,0.012
14.04.2025 13:32:41.039,210.00400000000002,209.90599999999998,0.012,0.012
14.04.2025 13:32:41.489,209.993,209.907,0.012,0.012
14.04.2025 13:32:41.639,209.984,209.90599999999998,0.012,0.012
14.04.2025 13:32:41.790,210.00400000000002,209.90599999999998,0.012,0.012
14.04.2025 13:32:41.841,210.03400000000002,209.90599999999998,0.012,0.012
14.04.2025 13:32:41.943,210.05400000000003,209.90599999999998,0.012,0.012
14.04.2025 13:32:42.043,210.043,209.907,0.012,0.012
14.04.2025 13:32:42.344,209.984,209.87599999999998,0.012,0.012
14.04.2025 13:32:42.445,209.91400000000002,209.83599999999998,0.012,0.012
14.04.2025 13:32:42.496,209.933,209.83700000000002,0.012,0.012
14.04.2025 13:32:42.647,209.913,209.83700000000002,0.012,0.012
14.04.2025 13:32:42.748,209.963,209.787,0.012,0.012
14.04.2025 13:32:43.198,209.88400000000001,209.77599999999998,0.012,0.012
14.04.2025 13:32:43.349,209.86400000000003,209.77599999999998,0.012,0.012
14.04.2025 13:32:43.400,209.963,209.817,0.012,0.012
14.04.2025 13:32:43.550,209.893,209.817,0.012,0.012
14.04.2025 13:32:44.001,209.924,209.816,0.012,0.012
14.04.2025 13:32:44.101,209.87400000000002,209.816,0.012,0.012
14.04.2025 13:32:44.151,209.923,209.817,0.012,0.012
14.04.2025 13:32:44.202,209.87400000000002,209.77599999999998,0.012,0.012
14.04.2025 13:32:44.453,209.924,209.77599999999998,0.012,0.012
14.04.2025 13:32:44.653,209.893,209.817,0.012,0.012
14.04.2025 13:32:44.704,209.894,209.77599999999998,0.012,0.012
14.04.2025 13:32:44.805,209.86400000000003,209.77599999999998,0.012,0.012
14.04.2025 13:32:46.201,209.924,209.816,0.012,0.012
14.04.2025 13:32:46.252,209.924,209.77599999999998,0.012,0.012
14.04.2025 13:32:46.302,209.894,209.77599999999998,0.012,0.012
14.04.2025 13:32:46.503,209.90400000000002,209.756,0.012,0.012
14.04.2025 13:32:46.553,209.873,209.757,0.012,0.012
14.04.2025 13:32:47.055,209.873,209.787,0.012,0.012
14.04.2025 13:32:47.106,209.78400000000002,209.65599999999998,0.012,0.012
14.04.2025 13:32:47.206,209.753,209.657,0.012,0.012
14.04.2025 13:32:47.307,209.72299999999998,209.597,0.012,0.012
14.04.2025 13:32:47.357,209.71400000000003,209.596,0.012,0.012
14.04.2025 13:32:47.858,209.673,209.627,0.012,0.012
14.04.2025 13:32:47.958,209.71400000000003,209.62599999999998,0.012,0.012
14.04.2025 13:32:48.559,209.674,209.596,0.012,0.012
14.04.2025 13:32:48.609,209.713,209.597,0.012,0.012
14.04.2025 13:32:49.060,209.773,209.597,0.012,0.012
14.04.2025 13:32:49.261,209.734,209.596,0.012,0.012
14.04.2025 13:32:50.273,209.733,209.61700000000002,0.012,0.012
14.04.2025 13:32:50.374,209.703,209.61700000000002,0.012,0.012
14.04.2025 13:32:50.475,209.703,209.597,0.012,0.012
14.04.2025 13:32:50.726,209.703,209.607,0.012,0.012
14.04.2025 13:32:50.979,209.703,209.597,0.012,0.012
14.04.2025 13:32:51.582,209.703,209.607,0.012,0.012
14.04.2025 13:32:51.684,209.733,209.607,0.012,0.012
14.04.2025 13:32:52.035,209.72400000000002,209.606,0.012,0.012
14.04.2025 13:32:52.187,209.733,209.607,0.012,0.012
14.04.2025 13:32:52.287,209.72400000000002,209.636,0.012,0.012
14.04.2025 13:32:52.388,209.703,209.597,0.012,0.012
14.04.2025 13:32:52.839,209.65400000000002,209.546,0.012,0.012
14.04.2025 13:32:52.989,209.553,209.447,0.012,0.012
14.04.2025 13:32:53.190,209.58400000000003,209.446,0.012,0.012
14.04.2025 13:32:53.240,209.673,209.567,0.012,0.012
14.04.2025 13:32:53.340,209.674,209.506,0.012,0.012
14.04.2025 13:32:53.392,209.663,209.507,0.012,0.012
14.04.2025 13:32:53.493,209.61400000000003,209.486,0.012,0.012
14.04.2025 13:32:53.543,209.58400000000003,209.426,0.012,0.012
14.04.2025 13:32:53.593,209.583,209.467,0.012,0.012
14.04.2025 13:32:54.045,209.544,209.46599999999998,0.012,0.012
14.04.2025 13:32:54.196,209.58400000000003,209.46599999999998,0.012,0.012
14.04.2025 13:32:54.537,209.533,209.45700000000002,0.012,0.012
14.04.2025 13:32:54.588,209.583,209.45700000000002,0.012,0.012
14.04.2025 13:32:54.689,209.52400000000003,209.456,0.012,0.012
14.04.2025 13:32:54.739,209.583,209.477,0.012,0.012
14.04.2025 13:32:54.840,209.583,209.48700000000002,0.012,0.012
14.04.2025 13:32:54.890,209.58400000000003,209.426,0.012,0.012
14.04.2025 13:32:55.043,209.543,209.42700000000002,0.012,0.012
14.04.2025 13:32:55.093,209.58400000000003,209.426,0.012,0.012
14.04.2025 13:32:55.143,209.58400000000003,209.456,0.012,0.012
14.04.2025 13:32:55.244,209.543,209.45700000000002,0.012,0.012
14.04.2025 13:32:55.394,209.52400000000003,209.456,0.012,0.012
14.04.2025 13:32:55.595,209.58400000000003,209.536,0.012,0.012
14.04.2025 13:32:55.646,209.58400000000003,209.446,0.012,0.012
14.04.2025 13:32:55.796,209.604,209.506,0.012,0.012
14.04.2025 13:32:55.847,209.58400000000003,209.446,0.012,0.012
14.04.2025 13:32:56.097,209.61400000000003,209.476,0.012,0.012
14.04.2025 13:32:56.448,209.603,209.447,0.012,0.012
14.04.2025 13:32:56.498,209.553,209.45700000000002,0.012,0.012
14.04.2025 13:32:56.549,209.593,209.477,0.012,0.012
14.04.2025 13:32:56.899,209.593,209.467,0.012,0.012
14.04.2025 13:32:57.000,209.583,209.467,0.012,0.012
14.04.2025 13:32:57.451,209.603,209.567,0.012,0.012
14.04.2025 13:32:57.502,209.603,209.467,0.012,0.012
14.04.2025 13:32:57.853,209.56400000000002,209.46599999999998,0.012,0.012
14.04.2025 13:32:57.903,209.604,209.46599999999998,0.012,0.012
14.04.2025 13:32:58.003,209.583,209.467,0.012,0.012
14.04.2025 13:32:58.304,209.52400000000003,209.46599999999998,0.012,0.012
14.04.2025 13:32:58.354,209.483,209.39700000000002,0.012,0.012
14.04.2025 13:32:58.406,209.463,209.39700000000002,0.012,0.012
14.04.2025 13:32:58.508,209.52400000000003,209.396,0.012,0.012
14.04.2025 13:32:58.658,209.46400000000003,209.396,0.012,0.012
14.04.2025 13:32:58.709,209.523,209.39700000000002,0.012,0.012
14.04.2025 13:32:58.845,209.49400000000003,209.396,0.012,0.012
14.04.2025 13:32:58.946,209.563,209.39700000000002,0.012,0.012
14.04.2025 13:32:58.997,209.574,209.396,0.012,0.012
14.04.2025 13:32:59.098,209.593,209.39700000000002,0.012,0.012
14.04.2025 13:32:59.199,209.593,209.437,0.012,0.012
14.04.2025 13:32:59.403,209.583,209.437,0.012,0.012
14.04.2025 13:32:59.555,209.503,209.42700000000002,0.012,0.012
14.04.2025 13:32:59.907,209.454,209.346,0.012,0.012
14.04.2025 13:32:59.961,209.394,209.346,0.012,0.012
14.04.2025 13:33:00.012,209.38400000000001,209.316,0.012,0.012
14.04.2025 13:33:00.067,209.394,209.316,0.012,0.012
14.04.2025 13:33:00.318,209.363,209.29700000000003,0.012,0.012
14.04.2025 13:33:00.369,209.34400000000002,209.266,0.012,0.012
14.04.2025 13:33:00.469,209.424,209.266,0.012,0.012
14.04.2025 13:33:00.519,209.44400000000002,209.266,0.012,0.012
14.04.2025 13:33:00.622,209.47299999999998,209.26700000000002,0.012,0.012
14.04.2025 13:33:00.675,209.454,209.286,0.012,0.012
14.04.2025 13:33:00.927,209.44400000000002,209.286,0.012,0.012
14.04.2025 13:33:01.028,209.453,209.287,0.012,0.012
14.04.2025 13:33:01.228,209.47400000000002,209.286,0.012,0.012
14.04.2025 13:33:01.329,209.543,209.39700000000002,0.012,0.012
14.04.2025 13:33:01.383,209.574,209.356,0.012,0.012
14.04.2025 13:33:01.433,209.573,209.45700000000002,0.012,0.012
14.04.2025 13:33:01.533,209.58400000000003,209.456,0.012,0.012
14.04.2025 13:33:01.584,209.61400000000003,209.456,0.012,0.012
14.04.2025 13:33:01.684,209.613,209.54700000000003,0.012,0.012
14.04.2025 13:33:01.785,209.653,209.627,0.012,0.012
14.04.2025 13:33:01.835,209.633,209.577,0.012,0.012
14.04.2025 13:33:01.886,209.574,209.37599999999998,0.012,0.012
14.04.2025 13:33:01.986,209.574,209.40599999999998,0.012,0.012
14.04.2025 13:33:02.137,209.574,209.43599999999998,0.012,0.012
14.04.2025 13:33:02.288,209.44299999999998,209.357,0.012,0.012
14.04.2025 13:33:02.338,209.56400000000002,209.37599999999998,0.012,0.012
14.04.2025 13:33:02.388,209.56400000000002,209.446,0.012,0.012
14.04.2025 13:33:02.589,209.543,209.467,0.012,0.012
14.04.2025 13:33:02.639,209.53400000000002,209.446,0.012,0.012
14.04.2025 13:33:02.740,209.493,209.377,0.012,0.012
14.04.2025 13:33:02.890,209.47299999999998,209.357,0.012,0.012
14.04.2025 13:33:03.041,209.50400000000002,209.356,0.012,0.012
14.04.2025 13:33:03.093,209.573,209.387,0.012,0.012
14.04.2025 13:33:03.193,209.61400000000003,209.386,0.012,0.012
14.04.2025 13:33:03.243,209.613,209.437,0.012,0.012
14.04.2025 13:33:03.344,209.56400000000002,209.43599999999998,0.012,0.012
14.04.2025 13:33:03.394,209.593,209.447,0.012,0.012
14.04.2025 13:33:03.495,209.61400000000003,209.446,0.012,0.012
14.04.2025 13:33:03.595,209.633,209.537,0.012,0.012
14.04.2025 13:33:03.645,209.583,209.447,0.012,0.012
14.04.2025 13:33:03.696,209.633,209.477,0.012,0.012
14.04.2025 13:33:04.046,209.574,209.476,0.012,0.012
14.04.2025 13:33:04.097,209.573,209.447,0.012,0.012
14.04.2025 13:33:04.147,209.484,209.396,0.012,0.012
14.04.2025 13:33:04.298,209.47400000000002,209.396,0.012,0.012
14.04.2025 13:33:04.448,209.47400000000002,209.386,0.012,0.012
14.04.2025 13:33:04.599,209.463,209.387,0.012,0.012
14.04.2025 13:33:04.700,209.50400000000002,209.356,0.012,0.012
14.04.2025 13:33:04.801,209.50400000000002,209.416,0.012,0.012
14.04.2025 13:33:04.851,209.503,209.357,0.012,0.012
14.04.2025 13:33:04.902,209.523,209.357,0.012,0.012
14.04.2025 13:33:05.002,209.62400000000002,209.396,0.012,0.012
14.04.2025 13:33:05.053,209.62400000000002,209.506,0.012,0.012
14.04.2025 13:33:05.103,209.603,209.42700000000002,0.012,0.012
14.04.2025 13:33:05.154,209.673,209.507,0.012,0.012
14.04.2025 13:33:05.304,209.653,209.507,0.012,0.012
14.04.2025 13:33:05.405,209.65400000000002,209.486,0.012,0.012
14.04.2025 13:33:05.455,209.623,209.48700000000002,0.012,0.012
14.04.2025 13:33:05.856,209.58400000000003,209.486,0.012,0.012
14.04.2025 13:33:06.108,209.583,209.507,0.012,0.012
14.04.2025 13:33:06.258,209.674,209.506,0.012,0.012
14.04.2025 13:33:06.409,209.674,209.566,0.012,0.012
14.04.2025 13:33:06.509,209.674,209.506,0.012,0.012
14.04.2025 13:33:06.810,209.69400000000002,209.506,0.012,0.012
14.04.2025 13:33:06.860,209.69400000000002,209.52599999999998,0.012,0.012
14.04.2025 13:33:06.910,209.704,209.52599999999998,0.012,0.012
14.04.2025 13:33:07.162,209.734,209.58599999999998,0.012,0.012
14.04.2025 13:33:07.212,209.773,209.58700000000002,0.012,0.012
14.04.2025 13:33:07.452,209.77400000000003,209.62599999999998,0.012,0.012
14.04.2025 13:33:07.804,209.763,209.627,0.012,0.012
14.04.2025 13:33:08.004,209.69400000000002,209.62599999999998,0.012,0.012
14.04.2025 13:33:08.055,209.633,209.507,0.012,0.012
14.04.2025 13:33:08.206,209.69299999999998,209.567,0.012,0.012
14.04.2025 13:33:08.256,209.734,209.576,0.012,0.012
14.04.2025 13:33:08.607,209.853,209.73700000000002,0.012,0.012
14.04.2025 13:33:08.658,209.86400000000003,209.736,0.012,0.012
14.04.2025 13:33:08.759,209.823,209.73700000000002,0.012,0.012
14.04.2025 13:33:08.809,209.74400000000003,209.606,0.012,0.012
14.04.2025 13:33:08.959,209.743,209.657,0.012,0.012
14.04.2025 13:33:09.010,209.733,209.577,0.012,0.012
14.04.2025 13:33:09.160,209.764,209.576,0.012,0.012
14.04.2025 13:33:09.263,209.72400000000002,209.576,0.012,0.012
14.04.2025 13:33:09.714,209.763,209.577,0.012,0.012
14.04.2025 13:33:09.916,209.72400000000002,209.576,0.012,0.012
14.04.2025 13:33:10.167,209.673,209.577,0.012,0.012
14.04.2025 13:33:10.419,209.72400000000002,209.65599999999998,0.012,0.012
14.04.2025 13:33:10.620,209.794,209.65599999999998,0.012,0.012
14.04.2025 13:33:11.124,209.794,209.666,0.012,0.012
14.04.2025 13:33:11.174,209.633,209.52700000000002,0.012,0.012
14.04.2025 13:33:11.325,209.58400000000003,209.506,0.012,0.012
14.04.2025 13:33:11.425,209.553,209.39700000000002,0.012,0.012
14.04.2025 13:33:11.526,209.43400000000003,209.386,0.012,0.012
14.04.2025 13:33:11.655,209.483,209.387,0.012,0.012
14.04.2025 13:33:12.159,209.533,209.387,0.012,0.012
14.04.2025 13:33:12.260,209.503,209.387,0.012,0.012
14.04.2025 13:33:12.610,209.593,209.407,0.012,0.012
14.04.2025 13:33:12.661,209.63400000000001,209.446,0.012,0.012
14.04.2025 13:33:12.861,209.683,209.48700000000002,0.012,0.012
14.04.2025 13:33:13.063,209.65400000000002,209.486,0.012,0.012
14.04.2025 13:33:13.214,209.62400000000002,209.536,0.012,0.012
14.04.2025 13:33:13.515,209.653,209.537,0.012,0.012
14.04.2025 13:33:13.615,209.604,209.486,0.012,0.012
14.04.2025 13:33:13.666,209.573,209.447,0.012,0.012
14.04.2025 13:33:13.866,209.653,209.477,0.012,0.012
14.04.2025 13:33:13.967,209.653,209.54700000000003,0.012,0.012
14.04.2025 13:33:14.217,209.703,209.577,0.012,0.012
14.04.2025 13:33:14.318,209.69299999999998,209.577,0.012,0.012
14.04.2025 13:33:14.468,209.683,209.607,0.012,0.012
14.04.2025 13:33:14.569,209.68400000000003,209.61599999999999,0.012,0.012
14.04.2025 13:33:14.669,209.65400000000002,209.546,0.012,0.012
14.04.2025 13:33:14.820,209.613,209.477,0.012,0.012
14.04.2025 13:33:14.921,209.61400000000003,209.446,0.012,0.012
14.04.2025 13:33:14.972,209.50400000000002,209.43599999999998,0.012,0.012
14.04.2025 13:33:15.073,209.47400000000002,209.396,0.012,0.012
14.04.2025 13:33:15.174,209.52400000000003,209.40599999999998,0.012,0.012
14.04.2025 13:33:15.224,209.523,209.45700000000002,0.012,0.012
14.04.2025 13:33:15.375,209.553,209.45700000000002,0.012,0.012
14.04.2025 13:33:15.526,209.683,209.567,0.012,0.012
14.04.2025 13:33:15.576,209.68400000000003,209.58599999999998,0.012,0.012
14.04.2025 13:33:15.627,209.68400000000003,209.516,0.012,0.012
14.04.2025 13:33:15.727,209.72400000000002,209.58599999999998,0.012,0.012
14.04.2025 13:33:15.878,209.72299999999998,209.51700000000002,0.012,0.012
14.04.2025 13:33:16.024,209.66400000000002,209.566,0.012,0.012
14.04.2025 13:33:16.128,209.574,209.456,0.012,0.012
14.04.2025 13:33:16.380,209.543,209.45700000000002,0.012,0.012
14.04.2025 13:33:16.430,209.573,209.45700000000002,0.012,0.012
14.04.2025 13:33:16.581,209.644,209.516,0.012,0.012
14.04.2025 13:33:16.731,209.69299999999998,209.51700000000002,0.012,0.012
14.04.2025 13:33:17.132,209.72299999999998,209.58700000000002,0.012,0.012
14.04.2025 13:33:17.384,209.72299999999998,209.61700000000002,0.012,0.012
14.04.2025 13:33:17.685,209.72400000000002,209.516,0.012,0.012
14.04.2025 13:33:17.735,209.72400000000002,209.58599999999998,0.012,0.012
14.04.2025 13:33:17.935,209.683,209.51700000000002,0.012,0.012
14.04.2025 13:33:18.086,209.713,209.58700000000002,0.012,0.012
14.04.2025 13:33:18.186,209.71400000000003,209.536,0.012,0.012
14.04.2025 13:33:18.337,209.68400000000003,209.536,0.012,0.012
14.04.2025 13:33:18.587,209.603,209.48700000000002,0.012,0.012
14.04.2025 13:33:18.638,209.604,209.476,0.012,0.012
14.04.2025 13:33:18.888,209.603,209.507,0.012,0.012
14.04.2025 13:33:18.939,209.553,209.437,0.012,0.012
14.04.2025 13:33:18.989,209.553,209.477,0.012,0.012
14.04.2025 13:33:19.391,209.553,209.48700000000002,0.012,0.012
14.04.2025 13:33:19.541,209.553,209.437,0.012,0.012
14.04.2025 13:33:19.992,209.55400000000003,209.446,0.012,0.012
14.04.2025 13:33:20.142,209.513,209.39700000000002,0.012,0.012
14.04.2025 13:33:20.193,209.463,209.357,0.012,0.012
14.04.2025 13:33:20.343,209.38400000000001,209.33599999999998,0.012,0.012
14.04.2025 13:33:20.444,209.40400000000002,209.33599999999998,0.012,0.012
14.04.2025 13:33:20.494,209.38400000000001,209.33599999999998,0.012,0.012
14.04.2025 13:33:20.545,209.493,209.447,0.012,0.012
14.04.2025 13:33:20.664,209.483,209.407,0.012,0.012
14.04.2025 13:33:21.122,209.593,209.437,0.012,0.012
14.04.2025 13:33:21.172,209.633,209.497,0.012,0.012
14.04.2025 13:33:21.373,209.633,209.467,0.012,0.012
14.04.2025 13:33:21.473,209.58400000000003,209.46599999999998,0.012,0.012
14.04.2025 13:33:21.724,209.633,209.467,0.012,0.012
14.04.2025 13:33:21.875,209.59400000000002,209.52599999999998,0.012,0.012
14.04.2025 13:33:22.075,209.633,209.52700000000002,0.012,0.012
14.04.2025 13:33:22.176,209.623,209.477,0.012,0.012
14.04.2025 13:33:22.628,209.623,209.52700000000002,0.012,0.012
14.04.2025 13:33:22.729,209.623,209.55700000000002,0.012,0.012
14.04.2025 13:33:22.829,209.623,209.52700000000002,0.012,0.012
14.04.2025 13:33:22.981,209.553,209.52700000000002,0.012,0.012
14.04.2025 13:33:23.032,209.533,209.477,0.012,0.012
14.04.2025 13:33:23.284,209.62400000000002,209.49599999999998,0.012,0.012
14.04.2025 13:33:23.434,209.58400000000003,209.46599999999998,0.012,0.012
14.04.2025 13:33:23.535,209.533,209.42700000000002,0.012,0.012
14.04.2025 13:33:23.685,209.533,209.407,0.012,0.012
14.04.2025 13:33:23.786,209.533,209.417,0.012,0.012
14.04.2025 13:33:24.087,209.454,209.30599999999998,0.012,0.012
14.04.2025 13:33:24.137,209.454,209.316,0.012,0.012
14.04.2025 13:33:24.237,209.453,209.30700000000002,0.012,0.012
14.04.2025 13:33:24.338,209.44299999999998,209.30700000000002,0.012,0.012
14.04.2025 13:33:24.640,209.343,209.27700000000002,0.012,0.012
14.04.2025 13:33:24.942,209.424,209.27599999999998,0.012,0.012
14.04.2025 13:33:25.082,209.34400000000002,209.27599999999998,0.012,0.012
14.04.2025 13:33:25.136,209.423,209.27700000000002,0.012,0.012
14.04.2025 13:33:25.339,209.423,209.287,0.012,0.012
14.04.2025 13:33:25.390,209.423,209.27700000000002,0.012,0.012
14.04.2025 13:33:25.891,209.44400000000002,209.386,0.012,0.012
14.04.2025 13:33:25.941,209.533,209.387,0.012,0.012
14.04.2025 13:33:26.042,209.53400000000002,209.33599999999998,0.012,0.012
14.04.2025 13:33:26.092,209.49400000000003,209.33599999999998,0.012,0.012
14.04.2025 13:33:26.293,209.49400000000003,209.396,0.012,0.012
14.04.2025 13:33:26.393,209.53400000000002,209.396,0.012,0.012
14.04.2025 13:33:26.444,209.53400000000002,209.426,0.012,0.012
14.04.2025 13:33:26.795,209.484,209.386,0.012,0.012
14.04.2025 13:33:26.845,209.53400000000002,209.386,0.012,0.012
14.04.2025 13:33:26.945,209.533,209.39700000000002,0.012,0.012
14.04.2025 13:33:27.197,209.493,209.39700000000002,0.012,0.012
14.04.2025 13:33:27.598,209.53400000000002,209.46599999999998,0.012,0.012
14.04.2025 13:33:27.648,209.53400000000002,209.416,0.012,0.012
14.04.2025 13:33:27.799,209.503,209.417,0.012,0.012
14.04.2025 13:33:28.000,209.453,209.36700000000002,0.012,0.012
14.04.2025 13:33:28.101,209.453,209.387,0.012,0.012
14.04.2025 13:33:28.152,209.50400000000002,209.386,0.012,0.012
14.04.2025 13:33:28.303,209.533,209.39700000000002,0.012,0.012
14.04.2025 13:33:28.505,209.503,209.39700000000002,0.012,0.012
14.04.2025 13:33:28.757,209.53400000000002,209.446,0.012,0.012
14.04.2025 13:33:29.359,209.553,209.447,0.012,0.012
14.04.2025 13:33:29.559,209.553,209.52700000000002,0.012,0.012
14.04.2025 13:33:29.610,209.55400000000003,209.446,0.012,0.012
14.04.2025 13:33:30.152,209.543,209.48700000000002,0.012,0.012
14.04.2025 13:33:30.252,209.543,209.437,0.012,0.012
14.04.2025 13:33:31.107,209.543,209.48700000000002,0.012,0.012
14.04.2025 13:33:31.258,209.58400000000003,209.516,0.012,0.012
14.04.2025 13:33:31.309,209.573,209.437,0.012,0.012
14.04.2025 13:33:31.409,209.61400000000003,209.49599999999998,0.012,0.012
14.04.2025 13:33:31.560,209.613,209.437,0.012,0.012
14.04.2025 13:33:31.762,209.574,209.43599999999998,0.012,0.012
14.04.2025 13:33:32.363,209.484,209.43599999999998,0.012,0.012
14.04.2025 13:33:32.513,209.533,209.437,0.012,0.012
14.04.2025 13:33:32.563,209.483,209.407,0.012,0.012
14.04.2025 13:33:32.614,209.363,209.27700000000002,0.012,0.012
14.04.2025 13:33:32.765,209.413,209.27700000000002,0.012,0.012
14.04.2025 13:33:32.865,209.393,209.27700000000002,0.012,0.012
14.04.2025 13:33:33.266,209.343,209.27700000000002,0.012,0.012
14.04.2025 13:33:33.316,209.394,209.27599999999998,0.012,0.012
14.04.2025 13:33:33.366,209.343,209.27700000000002,0.012,0.012
14.04.2025 13:33:33.516,209.313,209.247,0.012,0.012
14.04.2025 13:33:33.617,209.313,209.257,0.012,0.012
14.04.2025 13:33:33.769,209.31400000000002,209.236,0.012,0.012
14.04.2025 13:33:34.120,209.333,209.23700000000002,0.012,0.012
14.04.2025 13:33:34.170,209.27400000000003,209.236,0.012,0.012
14.04.2025 13:33:34.420,209.27400000000003,209.226,0.012,0.012
14.04.2025 13:33:34.521,209.273,209.23700000000002,0.012,0.012
14.04.2025 13:33:34.619,209.38400000000001,209.256,0.012,0.012
14.04.2025 13:33:34.773,209.383,209.227,0.012,0.012
14.04.2025 13:33:35.074,209.293,209.227,0.012,0.012
14.04.2025 13:33:35.576,209.383,209.227,0.012,0.012
14.04.2025 13:33:36.027,209.394,209.226,0.012,0.012
14.04.2025 13:33:36.578,209.41400000000002,209.33599999999998,0.012,0.012
14.04.2025 13:33:36.829,209.394,209.236,0.012,0.012
14.04.2025 13:33:36.979,209.403,209.317,0.012,0.012
14.04.2025 13:33:37.030,209.41400000000002,209.316,0.012,0.012
14.04.2025 13:33:37.281,209.453,209.317,0.012,0.012
14.04.2025 13:33:37.882,209.484,209.316,0.012,0.012
14.04.2025 13:33:38.132,209.483,209.33700000000002,0.012,0.012
14.04.2025 13:33:38.875,209.40400000000002,209.356,0.012,0.012
14.04.2025 13:33:38.976,209.44299999999998,209.39700000000002,0.012,0.012
14.04.2025 13:33:39.026,209.44299999999998,209.377,0.012,0.012
14.04.2025 13:33:39.177,209.41400000000002,209.316,0.012,0.012
14.04.2025 13:33:39.228,209.44299999999998,209.317,0.012,0.012
14.04.2025 13:33:39.379,209.373,209.247,0.012,0.012
14.04.2025 13:33:39.529,209.31400000000002,209.226,0.012,0.012
14.04.2025 13:33:39.679,209.283,209.227,0.012,0.012
14.04.2025 13:33:40.181,209.283,209.217,0.012,0.012
14.04.2025 13:33:40.332,209.27400000000003,209.21599999999998,0.012,0.012
14.04.2025 13:33:40.382,209.313,209.217,0.012,0.012
14.04.2025 13:33:40.532,209.34400000000002,209.21599999999998,0.012,0.012
14.04.2025 13:33:41.635,209.323,209.217,0.012,0.012
14.04.2025 13:33:42.137,209.373,209.217,0.012,0.012
14.04.2025 13:33:42.337,209.373,209.26700000000002,0.012,0.012
14.04.2025 13:33:42.387,209.394,209.266,0.012,0.012
14.04.2025 13:33:42.617,209.413,209.26700000000002,0.012,0.012
14.04.2025 13:33:42.670,209.41400000000002,209.296,0.012,0.012
14.04.2025 13:33:43.124,209.41400000000002,209.326,0.012,0.012
14.04.2025 13:33:43.274,209.37400000000002,209.296,0.012,0.012
14.04.2025 13:33:43.325,209.413,209.29700000000003,0.012,0.012
14.04.2025 13:33:43.526,209.413,209.317,0.012,0.012
14.04.2025 13:33:43.627,209.41400000000002,209.296,0.012,0.012
14.04.2025 13:33:44.028,209.413,209.327,0.012,0.012
14.04.2025 13:33:44.128,209.323,209.27700000000002,0.012,0.012
14.04.2025 13:33:44.179,209.34400000000002,209.27599999999998,0.012,0.012
14.04.2025 13:33:44.580,209.34400000000002,209.226,0.012,0.012
14.04.2025 13:33:45.181,209.283,209.227,0.012,0.012
14.04.2025 13:33:45.231,209.294,209.15599999999998,0.012,0.012
14.04.2025 13:33:46.133,209.343,209.23700000000002,0.012,0.012
14.04.2025 13:33:46.284,209.37400000000002,209.236,0.012,0.012
14.04.2025 13:33:46.334,209.34400000000002,209.266,0.012,0.012
14.04.2025 13:33:46.585,209.37400000000002,209.266,0.012,0.012
14.04.2025 13:33:46.685,209.313,209.26700000000002,0.012,0.012
14.04.2025 13:33:46.736,209.323,209.26700000000002,0.012,0.012
14.04.2025 13:33:46.986,209.30400000000003,209.24599999999998,0.012,0.012
14.04.2025 13:33:47.237,209.30400000000003,209.196,0.012,0.012
14.04.2025 13:33:47.349,209.28400000000002,209.196,0.012,0.012
14.04.2025 13:33:47.665,209.273,209.197,0.012,0.012
14.04.2025 13:33:47.868,209.363,209.26700000000002,0.012,0.012
14.04.2025 13:33:47.919,209.333,209.23700000000002,0.012,0.012
14.04.2025 13:33:48.019,209.37400000000002,209.236,0.012,0.012
14.04.2025 13:33:48.069,209.33400000000003,209.236,0.012,0.012
14.04.2025 13:33:48.221,209.33400000000003,209.266,0.012,0.012
14.04.2025 13:33:48.722,209.33400000000003,209.27599999999998,0.012,0.012
14.04.2025 13:33:48.873,209.363,209.287,0.012,0.012
14.04.2025 13:33:48.974,209.373,209.317,0.012,0.012
14.04.2025 13:33:49.074,209.363,209.23700000000002,0.012,0.012
14.04.2025 13:33:49.124,209.324,209.236,0.012,0.012
14.04.2025 13:33:49.225,209.363,209.217,0.012,0.012
14.04.2025 13:33:49.275,209.27400000000003,209.196,0.012,0.012
14.04.2025 13:33:50.226,209.24400000000003,209.15599999999998,0.012,0.012
14.04.2025 13:33:50.277,209.203,209.11700000000002,0.012,0.012
14.04.2025 13:33:50.428,209.104,209.02599999999998,0.012,0.012
14.04.2025 13:33:50.629,209.08400000000003,209.006,0.012,0.012
14.04.2025 13:33:51.281,209.074,209.006,0.012,0.012
14.04.2025 13:33:51.431,208.993,208.917,0.012,0.012
14.04.2025 13:33:51.482,208.963,208.89700000000002,0.012,0.012
14.04.2025 13:33:51.532,209.033,208.92700000000002,0.012,0.012
14.04.2025 13:33:51.633,209.003,208.89700000000002,0.012,0.012
14.04.2025 13:33:52.364,209.00400000000002,208.846,0.012,0.012
14.04.2025 13:33:52.414,208.923,208.847,0.012,0.012
14.04.2025 13:33:52.464,208.94400000000002,208.846,0.012,0.012
14.04.2025 13:33:52.567,208.90400000000002,208.846,0.012,0.012
14.04.2025 13:33:52.668,208.90400000000002,208.86599999999999,0.012,0.012
14.04.2025 13:33:52.718,208.97299999999998,208.86700000000002,0.012,0.012
14.04.2025 13:33:52.769,208.99400000000003,208.86599999999999,0.012,0.012
14.04.2025 13:33:52.920,209.003,208.907,0.012,0.012
14.04.2025 13:33:52.971,209.074,208.946,0.012,0.012
14.04.2025 13:33:53.021,209.074,208.986,0.012,0.012
14.04.2025 13:33:53.222,209.073,208.997,0.012,0.012
14.04.2025 13:33:53.422,209.073,208.98700000000002,0.012,0.012
14.04.2025 13:33:53.573,209.053,208.98700000000002,0.012,0.012
14.04.2025 13:33:53.673,209.043,208.917,0.012,0.012
14.04.2025 13:33:53.723,208.99400000000003,208.886,0.012,0.012
14.04.2025 13:33:53.774,209.00400000000002,208.886,0.012,0.012
14.04.2025 13:33:54.326,209.00400000000002,208.86599999999999,0.012,0.012
14.04.2025 13:33:54.377,208.984,208.86599999999999,0.012,0.012
14.04.2025 13:33:54.427,209.00400000000002,208.86599999999999,0.012,0.012
14.04.2025 13:33:55.932,209.003,208.89700000000002,0.012,0.012
14.04.2025 13:33:56.033,209.044,208.946,0.012,0.012
14.04.2025 13:33:56.084,209.21400000000003,209.096,0.012,0.012
14.04.2025 13:33:56.285,209.213,209.067,0.012,0.012
14.04.2025 13:33:56.718,209.27400000000003,209.12599999999998,0.012,0.012
14.04.2025 13:33:57.069,209.204,209.12599999999998,0.012,0.012
14.04.2025 13:33:57.521,209.153,209.08700000000002,0.012,0.012
14.04.2025 13:33:57.572,208.983,208.79700000000003,0.012,0.012
14.04.2025 13:33:57.623,208.96400000000003,208.80599999999998,0.012,0.012
14.04.2025 13:33:58.075,208.954,208.846,0.012,0.012
14.04.2025 13:33:58.176,208.953,208.86700000000002,0.012,0.012
14.04.2025 13:33:58.326,208.953,208.887,0.012,0.012
14.04.2025 13:33:58.426,208.993,208.917,0.012,0.012
14.04.2025 13:33:58.527,209.03400000000002,208.946,0.012,0.012
14.04.2025 13:33:58.677,209.033,208.917,0.012,0.012
14.04.2025 13:33:58.878,209.104,208.96599999999998,0.012,0.012
14.04.2025 13:33:58.978,209.104,208.916,0.012,0.012
14.04.2025 13:33:59.130,209.103,208.95700000000002,0.012,0.012
14.04.2025 13:33:59.280,209.06400000000002,208.956,0.012,0.012
14.04.2025 13:33:59.581,209.123,208.997,0.012,0.012
14.04.2025 13:33:59.732,209.093,208.997,0.012,0.012
14.04.2025 13:34:00.436,209.104,209.036,0.012,0.012
14.04.2025 13:34:00.538,209.143,209.04700000000003,0.012,0.012
14.04.2025 13:34:00.689,209.163,209.067,0.012,0.012
14.04.2025 13:34:00.821,209.12400000000002,208.99599999999998,0.012,0.012
14.04.2025 13:34:00.923,209.074,208.956,0.012,0.012
14.04.2025 13:34:00.974,209.104,208.956,0.012,0.012
14.04.2025 13:34:01.026,209.123,208.95700000000002,0.012,0.012
14.04.2025 13:34:01.078,209.12400000000002,208.99599999999998,0.012,0.012
14.04.2025 13:34:01.130,209.15400000000002,208.986,0.012,0.012
14.04.2025 13:34:01.231,209.09400000000002,208.986,0.012,0.012
14.04.2025 13:34:01.283,209.09400000000002,208.96599999999998,0.012,0.012
14.04.2025 13:34:01.385,209.15400000000002,208.96599999999998,0.012,0.012
14.04.2025 13:34:01.688,209.153,209.01700000000002,0.012,0.012
14.04.2025 13:34:02.289,209.104,209.016,0.012,0.012
14.04.2025 13:34:02.643,209.063,208.95700000000002,0.012,0.012
14.04.2025 13:34:02.744,209.003,208.917,0.012,0.012
14.04.2025 13:34:02.895,208.963,208.877,0.012,0.012
14.04.2025 13:34:03.096,208.88400000000001,208.786,0.012,0.012
14.04.2025 13:34:03.146,208.84400000000002,208.786,0.012,0.012
14.04.2025 13:34:03.196,208.843,208.757,0.012,0.012
14.04.2025 13:34:03.397,208.783,208.717,0.012,0.012
14.04.2025 13:34:03.648,208.853,208.717,0.012,0.012
14.04.2025 13:34:03.698,208.803,208.717,0.012,0.012
14.04.2025 13:34:04.049,208.793,208.717,0.012,0.012
14.04.2025 13:34:04.149,208.763,208.64700000000002,0.012,0.012
14.04.2025 13:34:04.199,208.80400000000003,208.706,0.012,0.012
14.04.2025 13:34:04.352,208.77400000000003,208.706,0.012,0.012
14.04.2025 13:34:04.553,208.824,208.706,0.012,0.012
14.04.2025 13:34:04.604,208.854,208.786,0.012,0.012
14.04.2025 13:34:04.854,208.853,208.727,0.012,0.012
14.04.2025 13:34:05.093,208.854,208.706,0.012,0.012
14.04.2025 13:34:05.294,208.833,208.70700000000002,0.012,0.012
14.04.2025 13:34:05.445,208.783,208.67700000000002,0.012,0.012
14.04.2025 13:34:05.748,208.763,208.67700000000002,0.012,0.012
14.04.2025 13:34:05.999,208.74400000000003,208.666,0.012,0.012
14.04.2025 13:34:06.250,208.71400000000003,208.596,0.012,0.012
14.04.2025 13:34:06.350,208.69299999999998,208.597,0.012,0.012
14.04.2025 13:34:06.451,208.663,208.597,0.012,0.012
14.04.2025 13:34:06.851,208.613,208.55700000000002,0.012,0.012
14.04.2025 13:34:06.952,208.61400000000003,208.536,0.012,0.012
14.04.2025 13:34:07.002,208.58400000000003,208.536,0.012,0.012
14.04.2025 13:34:07.103,208.63400000000001,208.52599999999998,0.012,0.012
14.04.2025 13:34:07.204,208.653,208.537,0.012,0.012
14.04.2025 13:34:07.354,208.65400000000002,208.55599999999998,0.012,0.012
14.04.2025 13:34:07.855,208.743,208.657,0.012,0.012
14.04.2025 13:34:07.956,208.794,208.65599999999998,0.012,0.012
14.04.2025 13:34:08.006,208.793,208.67700000000002,0.012,0.012
14.04.2025 13:34:08.056,208.83400000000003,208.676,0.012,0.012
14.04.2025 13:34:08.158,208.78400000000002,208.68599999999998,0.012,0.012
14.04.2025 13:34:08.208,208.78400000000002,208.676,0.012,0.012
14.04.2025 13:34:08.459,208.753,208.67700000000002,0.012,0.012
14.04.2025 13:34:08.510,208.69299999999998,208.567,0.012,0.012
14.04.2025 13:34:09.263,208.653,208.567,0.012,0.012
14.04.2025 13:34:09.466,208.644,208.566,0.012,0.012
14.04.2025 13:34:09.776,208.704,208.606,0.012,0.012
14.04.2025 13:34:10.128,208.673,208.58700000000002,0.012,0.012
14.04.2025 13:34:10.179,208.75400000000002,208.606,0.012,0.012
14.04.2025 13:34:10.229,208.69299999999998,208.567,0.012,0.012
14.04.2025 13:34:10.330,208.583,208.497,0.012,0.012
14.04.2025 13:34:10.380,208.66400000000002,208.546,0.012,0.012
14.04.2025 13:34:10.481,208.68400000000003,208.546,0.012,0.012
14.04.2025 13:34:10.531,208.663,208.54700000000003,0.012,0.012
14.04.2025 13:34:10.582,208.713,208.54700000000003,0.012,0.012
14.04.2025 13:34:10.682,208.713,208.55700000000002,0.012,0.012
14.04.2025 13:34:10.783,208.69400000000002,208.55599999999998,0.012,0.012
14.04.2025 13:34:10.933,208.77400000000003,208.61599999999999,0.012,0.012
14.04.2025 13:34:11.034,208.733,208.61700000000002,0.012,0.012
14.04.2025 13:34:11.235,208.703,208.597,0.012,0.012
14.04.2025 13:34:11.536,208.65400000000002,208.546,0.012,0.012
14.04.2025 13:34:11.586,208.69400000000002,208.546,0.012,0.012
14.04.2025 13:34:11.837,208.69299999999998,208.58700000000002,0.012,0.012
14.04.2025 13:34:12.088,208.63400000000001,208.58599999999998,0.012,0.012
14.04.2025 13:34:12.238,208.633,208.597,0.012,0.012
14.04.2025 13:34:12.339,208.604,208.58599999999998,0.012,0.012
14.04.2025 13:34:12.389,208.604,208.55599999999998,0.012,0.012
14.04.2025 13:34:12.589,208.604,208.546,0.012,0.012
14.04.2025 13:34:12.790,208.604,208.516,0.012,0.012
14.04.2025 13:34:12.840,208.574,208.516,0.012,0.012
14.04.2025 13:34:12.942,208.683,208.52700000000002,0.012,0.012
14.04.2025 13:34:13.044,208.683,208.567,0.012,0.012
14.04.2025 13:34:13.195,208.69299999999998,208.567,0.012,0.012
14.04.2025 13:34:13.297,208.69400000000002,208.58599999999998,0.012,0.012
14.04.2025 13:34:13.597,208.704,208.58599999999998,0.012,0.012
14.04.2025 13:34:13.842,208.69400000000002,208.596,0.012,0.012
14.04.2025 13:34:14.050,208.66400000000002,208.566,0.012,0.012
14.04.2025 13:34:14.252,208.633,208.567,0.012,0.012
14.04.2025 13:34:14.303,208.61400000000003,208.516,0.012,0.012
14.04.2025 13:34:14.455,208.703,208.58700000000002,0.012,0.012
14.04.2025 13:34:14.709,208.773,208.637,0.012,0.012
14.04.2025 13:34:14.810,208.764,208.636,0.012,0.012
14.04.2025 13:34:15.062,208.683,208.577,0.012,0.012
14.04.2025 13:34:15.113,208.704,208.576,0.012,0.012
14.04.2025 13:34:15.263,208.683,208.567,0.012,0.012
14.04.2025 13:34:15.313,208.683,208.54700000000003,0.012,0.012
14.04.2025 13:34:15.666,208.683,208.577,0.012,0.012
14.04.2025 13:34:16.117,208.603,208.537,0.012,0.012
14.04.2025 13:34:16.318,208.63400000000001,208.536,0.012,0.012
14.04.2025 13:34:16.419,208.77400000000003,208.606,0.012,0.012
14.04.2025 13:34:16.669,208.77400000000003,208.636,0.012,0.012
14.04.2025 13:34:17.020,208.65400000000002,208.566,0.012,0.012
14.04.2025 13:34:17.221,208.72400000000002,208.606,0.012,0.012
14.04.2025 13:34:17.571,208.704,208.606,0.012,0.012
14.04.2025 13:34:17.622,208.72400000000002,208.606,0.012,0.012
14.04.2025 13:34:17.822,208.704,208.606,0.012,0.012
14.04.2025 13:34:17.873,208.72299999999998,208.607,0.012,0.012
14.04.2025 13:34:18.421,208.643,208.537,0.012,0.012
14.04.2025 13:34:18.572,208.603,208.537,0.012,0.012
14.04.2025 13:34:19.126,208.59400000000002,208.536,0.012,0.012
14.04.2025 13:34:19.176,208.523,208.447,0.012,0.012
14.04.2025 13:34:19.427,208.493,208.42700000000002,0.012,0.012
14.04.2025 13:34:19.778,208.58400000000003,208.486,0.012,0.012
14.04.2025 13:34:20.079,208.593,208.45700000000002,0.012,0.012
14.04.2025 13:34:20.229,208.573,208.45700000000002,0.012,0.012
14.04.2025 13:34:20.330,208.50400000000002,208.446,0.012,0.012
14.04.2025 13:34:20.932,208.503,208.467,0.012,0.012
14.04.2025 13:34:21.133,208.544,208.456,0.012,0.012
14.04.2025 13:34:21.284,208.573,208.477,0.012,0.012
14.04.2025 13:34:21.335,208.573,208.45700000000002,0.012,0.012
14.04.2025 13:34:21.936,208.543,208.45700000000002,0.012,0.012
14.04.2025 13:34:22.037,208.59400000000002,208.536,0.012,0.012
14.04.2025 13:34:22.187,208.603,208.567,0.012,0.012
14.04.2025 13:34:22.288,208.593,208.507,0.012,0.012
14.04.2025 13:34:22.438,208.604,208.476,0.012,0.012
14.04.2025 13:34:22.825,208.583,208.477,0.012,0.012
14.04.2025 13:34:22.975,208.583,208.497,0.012,0.012
14.04.2025 13:34:23.076,208.58400000000003,208.476,0.012,0.012
14.04.2025 13:34:23.226,208.603,208.497,0.012,0.012
14.04.2025 13:34:23.431,208.59400000000002,208.476,0.012,0.012
14.04.2025 13:34:23.582,208.53400000000002,208.456,0.012,0.012
14.04.2025 13:34:23.682,208.59400000000002,208.506,0.012,0.012
14.04.2025 13:34:23.833,208.603,208.507,0.012,0.012
14.04.2025 13:34:23.884,208.573,208.477,0.012,0.012
14.04.2025 13:34:24.134,208.59400000000002,208.516,0.012,0.012
14.04.2025 13:34:24.287,208.593,208.477,0.012,0.012
14.04.2025 13:34:24.387,208.563,208.477,0.012,0.012
14.04.2025 13:34:24.688,208.623,208.537,0.012,0.012
14.04.2025 13:34:24.738,208.604,208.49599999999998,0.012,0.012
14.04.2025 13:34:24.888,208.553,208.477,0.012,0.012
14.04.2025 13:34:24.939,208.553,208.45700000000002,0.012,0.012
14.04.2025 13:34:25.340,208.604,208.49599999999998,0.012,0.012
14.04.2025 13:34:25.490,208.59400000000002,208.476,0.012,0.012
14.04.2025 13:34:25.540,208.603,208.51700000000002,0.012,0.012
14.04.2025 13:34:25.591,208.603,208.477,0.012,0.012
14.04.2025 13:34:25.741,208.603,208.51700000000002,0.012,0.012
14.04.2025 13:34:25.892,208.58400000000003,208.516,0.012,0.012
14.04.2025 13:34:26.293,208.58400000000003,208.46599999999998,0.012,0.012
14.04.2025 13:34:26.343,208.58400000000003,208.486,0.012,0.012
14.04.2025 13:34:26.444,208.58400000000003,208.516,0.012,0.012
14.04.2025 13:34:26.494,208.62400000000002,208.516,0.012,0.012
14.04.2025 13:34:26.594,208.604,208.516,0.012,0.012
14.04.2025 13:34:26.645,208.623,208.51700000000002,0.012,0.012
14.04.2025 13:34:26.695,208.62400000000002,208.52599999999998,0.012,0.012
14.04.2025 13:34:26.996,208.623,208.58700000000002,0.012,0.012
14.04.2025 13:34:27.046,208.623,208.537,0.012,0.012
14.04.2025 13:34:27.096,208.603,208.537,0.012,0.012
14.04.2025 13:34:27.147,208.623,208.51700000000002,0.012,0.012
14.04.2025 13:34:27.347,208.66400000000002,208.52599999999998,0.012,0.012
14.04.2025 13:34:27.447,208.653,208.55700000000002,0.012,0.012
14.04.2025 13:34:27.498,208.71400000000003,208.596,0.012,0.012
14.04.2025 13:34:27.548,208.77400000000003,208.65599999999998,0.012,0.012
14.04.2025 13:34:27.799,208.783,208.657,0.012,0.012
14.04.2025 13:34:27.849,208.783,208.67700000000002,0.012,0.012
14.04.2025 13:34:28.200,208.824,208.74599999999998,0.012,0.012
14.04.2025 13:34:28.301,208.863,208.787,0.012,0.012
14.04.2025 13:34:28.452,208.84400000000002,208.766,0.012,0.012
14.04.2025 13:34:28.502,208.86400000000003,208.756,0.012,0.012
14.04.2025 13:34:28.553,208.794,208.71599999999998,0.012,0.012
14.04.2025 13:34:28.703,208.813,208.717,0.012,0.012
14.04.2025 13:34:28.804,208.80400000000003,208.71599999999998,0.012,0.012
14.04.2025 13:34:28.854,208.823,208.717,0.012,0.012
14.04.2025 13:34:29.255,208.824,208.736,0.012,0.012
14.04.2025 13:34:29.505,208.80400000000003,208.726,0.012,0.012
14.04.2025 13:34:29.907,208.84400000000002,208.74599999999998,0.012,0.012
14.04.2025 13:34:30.007,208.863,208.747,0.012,0.012
14.04.2025 13:34:30.058,208.853,208.747,0.012,0.012
14.04.2025 13:34:30.108,208.863,208.747,0.012,0.012
14.04.2025 13:34:30.709,208.854,208.74599999999998,0.012,0.012
14.04.2025 13:34:30.911,208.86400000000003,208.796,0.012,0.012
14.04.2025 13:34:31.012,208.923,208.827,0.012,0.012
14.04.2025 13:34:31.412,208.963,208.83700000000002,0.012,0.012
14.04.2025 13:34:31.513,208.96400000000003,208.856,0.012,0.012
14.04.2025 13:34:32.166,208.96400000000003,208.87599999999998,0.012,0.012
14.04.2025 13:34:32.317,208.983,208.917,0.012,0.012
14.04.2025 13:34:32.417,208.983,208.877,0.012,0.012
14.04.2025 13:34:32.468,208.983,208.857,0.012,0.012
14.04.2025 13:34:32.518,208.97299999999998,208.857,0.012,0.012
14.04.2025 13:34:32.719,208.94400000000002,208.86599999999999,0.012,0.012
14.04.2025 13:34:33.019,208.97400000000002,208.86599999999999,0.012,0.012
14.04.2025 13:34:33.271,209.003,208.89700000000002,0.012,0.012
14.04.2025 13:34:33.522,208.97299999999998,208.86700000000002,0.012,0.012
14.04.2025 13:34:33.672,208.94400000000002,208.86599999999999,0.012,0.012
14.04.2025 13:34:33.722,209.00400000000002,208.90599999999998,0.012,0.012
14.04.2025 13:34:33.773,209.00400000000002,208.946,0.012,0.012
14.04.2025 13:34:33.823,209.00400000000002,208.93599999999998,0.012,0.012
